[{"OriginalQuery": "Analyze and compare the free cash flow for Verizon (VZ), AT&T (T), and Cisco (CSCO) over the last five years. Discuss implications for dividend sustainability and potential reinvestment strategies.", "ProcessedQueries": ["Analyze the free cash flow for Verizon (VZ) over the last five years. Discuss implications for dividend sustainability and potential reinvestment strategies.", "Analyze the free cash flow for AT&T (T) over the last five years. Discuss implications for dividend sustainability and potential reinvestment strategies.", "Analyze the free cash flow for Cisco (CSCO) over the last five years. Discuss implications for dividend sustainability and potential reinvestment strategies."], "Results": {"VZ": [{"dividendsPaid": -2794000000, "freeCashFlow": 4074000000, "Fiscal Date": "Q4 2023", "report_date": "2023-12-31", "free_cash_flow_trend": -0.39, "Company": "VZ"}, {"dividendsPaid": -2744000000, "freeCashFlow": 6684000000, "Fiscal Date": "Q3 2023", "report_date": "2023-09-30", "free_cash_flow_trend": 0.19, "Company": "VZ"}, {"dividendsPaid": -2743000000, "freeCashFlow": 5619000000, "Fiscal Date": "Q2 2023", "report_date": "2023-06-30", "free_cash_flow_trend": 1.41, "Company": "VZ"}, {"dividendsPaid": -2744000000, "freeCashFlow": 2331000000, "Fiscal Date": "Q1 2023", "report_date": "2023-03-31", "free_cash_flow_trend": 1.58, "Company": "VZ"}, {"dividendsPaid": -2739000000, "freeCashFlow": 903000000, "Fiscal Date": "Q4 2022", "report_date": "2022-12-31", "free_cash_flow_trend": -0.8, "Company": "VZ"}, {"dividendsPaid": -2688000000, "freeCashFlow": 4599000000, "Fiscal Date": "Q3 2022", "report_date": "2022-09-30", "free_cash_flow_trend": -0.2, "Company": "VZ"}, {"dividendsPaid": -2724000000, "freeCashFlow": 5737000000, "Fiscal Date": "Q2 2022", "report_date": "2022-06-30", "free_cash_flow_trend": -7.85, "Company": "VZ"}, {"dividendsPaid": -2654000000, "freeCashFlow": -838000000, "Fiscal Date": "Q1 2022", "report_date": "2022-03-31", "free_cash_flow_trend": -1.61, "Company": "VZ"}, {"dividendsPaid": -2648000000, "freeCashFlow": 1383000000, "Fiscal Date": "Q4 2021", "report_date": "2021-12-31", "free_cash_flow_trend": -0.64, "Company": "VZ"}, {"dividendsPaid": -2599000000, "freeCashFlow": 3830000000, "Fiscal Date": "Q3 2021", "report_date": "2021-09-30", "free_cash_flow_trend": -0.36, "Company": "VZ"}, {"dividendsPaid": -2597000000, "freeCashFlow": 6027000000, "Fiscal Date": "Q2 2021", "report_date": "2021-06-30", "free_cash_flow_trend": -1.15, "Company": "VZ"}, {"dividendsPaid": -2601000000, "freeCashFlow": -39583000000, "Fiscal Date": "Q1 2021", "report_date": "2021-03-31", "free_cash_flow_trend": -8.71, "Company": "VZ"}, {"dividendsPaid": -2596000000, "freeCashFlow": 5133000000, "Fiscal Date": "Q4 2020", "report_date": "2020-12-31", "free_cash_flow_trend": 0.16, "Company": "VZ"}, {"dividendsPaid": -2546000000, "freeCashFlow": 4416000000, "Fiscal Date": "Q3 2020", "report_date": "2020-09-30", "free_cash_flow_trend": -0.48, "Company": "VZ"}, {"dividendsPaid": -2543000000, "freeCashFlow": 8561000000, "Fiscal Date": "Q2 2020", "report_date": "2020-06-30", "free_cash_flow_trend": 1.56, "Company": "VZ"}, {"dividendsPaid": -2547000000, "freeCashFlow": 3340000000, "Fiscal Date": "Q1 2020", "report_date": "2020-03-31", "free_cash_flow_trend": 0.2, "Company": "VZ"}, {"dividendsPaid": -2542000000, "freeCashFlow": 2792000000, "Fiscal Date": "Q4 2019", "report_date": "2019-12-31", "free_cash_flow_trend": -0.57, "Company": "VZ"}, {"dividendsPaid": -2493000000, "freeCashFlow": 6447000000, "Fiscal Date": "Q3 2019", "report_date": "2019-09-30", "free_cash_flow_trend": 0.3, "Company": "VZ"}, {"dividendsPaid": -2492000000, "freeCashFlow": 4961000000, "Fiscal Date": "Q2 2019", "report_date": "2019-06-30", "free_cash_flow_trend": 0.83, "Company": "VZ"}, {"dividendsPaid": -2489000000, "freeCashFlow": 2709000000, "Fiscal Date": "Q1 2019", "report_date": "2019-03-31", "free_cash_flow_trend": NaN, "Company": "VZ"}], "T": [{"dividendsPaid": -2020000000, "freeCashFlow": 6777000000, "capitalExpenditure": -4601000000, "netCashProvidedByOperatingActivities": 11378000000, "Fiscal Date": "Q4 2023", "report_date": "2023-12-31", "free_cash_flow_change": 0.19, "Company": "T"}, {"dividendsPaid": -2019000000, "freeCashFlow": 5689000000, "capitalExpenditure": -4647000000, "netCashProvidedByOperatingActivities": 10336000000, "Fiscal Date": "Q3 2023", "report_date": "2023-09-30", "free_cash_flow_change": 0.01, "Company": "T"}, {"dividendsPaid": -2083000000, "freeCashFlow": 5652000000, "capitalExpenditure": -4270000000, "netCashProvidedByOperatingActivities": 9922000000, "Fiscal Date": "Q2 2023", "report_date": "2023-06-30", "free_cash_flow_change": 1.41, "Company": "T"}, {"dividendsPaid": -2014000000, "freeCashFlow": 2343000000, "capitalExpenditure": -4335000000, "netCashProvidedByOperatingActivities": 6678000000, "Fiscal Date": "Q1 2023", "report_date": "2023-03-31", "free_cash_flow_change": -0.61, "Company": "T"}, {"dividendsPaid": -2014000000, "freeCashFlow": 6084000000, "capitalExpenditure": -4229000000, "netCashProvidedByOperatingActivities": 10313000000, "Fiscal Date": "Q4 2022", "report_date": "2022-12-31", "free_cash_flow_change": 0.47, "Company": "T"}, {"dividendsPaid": -2010000000, "freeCashFlow": 4150000000, "capitalExpenditure": -5921000000, "netCashProvidedByOperatingActivities": 10071000000, "Fiscal Date": "Q3 2022", "report_date": "2022-09-30", "free_cash_flow_change": 3.15, "Company": "T"}, {"dividendsPaid": -2086000000, "freeCashFlow": 999000000, "capitalExpenditure": -4908000000, "netCashProvidedByOperatingActivities": 5907000000, "Fiscal Date": "Q2 2022", "report_date": "2022-06-30", "free_cash_flow_change": 0.02, "Company": "T"}, {"dividendsPaid": -3749000000, "freeCashFlow": 984000000, "capitalExpenditure": -4748000000, "netCashProvidedByOperatingActivities": 5732000000, "Fiscal Date": "Q1 2022", "report_date": "2022-03-31", "free_cash_flow_change": -0.87, "Company": "T"}, {"dividendsPaid": -3749000000, "freeCashFlow": 7423000000, "capitalExpenditure": -3831000000, "netCashProvidedByOperatingActivities": 11254000000, "Fiscal Date": "Q4 2021", "report_date": "2021-12-31", "free_cash_flow_change": 0.44, "Company": "T"}, {"dividendsPaid": -3748000000, "freeCashFlow": 5162000000, "capitalExpenditure": -4704000000, "netCashProvidedByOperatingActivities": 9866000000, "Fiscal Date": "Q3 2021", "report_date": "2021-09-30", "free_cash_flow_change": -0.26, "Company": "T"}, {"dividendsPaid": -3830000000, "freeCashFlow": 6951000000, "capitalExpenditure": -3959000000, "netCashProvidedByOperatingActivities": 10910000000, "Fiscal Date": "Q2 2021", "report_date": "2021-06-30", "free_cash_flow_change": 0.18, "Company": "T"}, {"dividendsPaid": -3741000000, "freeCashFlow": 5894000000, "capitalExpenditure": -4033000000, "netCashProvidedByOperatingActivities": 9927000000, "Fiscal Date": "Q1 2021", "report_date": "2021-03-31", "free_cash_flow_change": -0.23, "Company": "T"}, {"dividendsPaid": -3741000000, "freeCashFlow": 7690000000, "capitalExpenditure": -2392000000, "netCashProvidedByOperatingActivities": 10082000000, "Fiscal Date": "Q4 2020", "report_date": "2020-12-31", "free_cash_flow_change": -0.06, "Company": "T"}, {"dividendsPaid": -3741000000, "freeCashFlow": 8212000000, "capitalExpenditure": -3911000000, "netCashProvidedByOperatingActivities": 12123000000, "Fiscal Date": "Q3 2020", "report_date": "2020-09-30", "free_cash_flow_change": 0.08, "Company": "T"}, {"dividendsPaid": -3737000000, "freeCashFlow": 7625000000, "capitalExpenditure": -4434000000, "netCashProvidedByOperatingActivities": 12059000000, "Fiscal Date": "Q2 2020", "report_date": "2020-06-30", "free_cash_flow_change": 0.94, "Company": "T"}, {"dividendsPaid": -3737000000, "freeCashFlow": 3928000000, "capitalExpenditure": -4938000000, "netCashProvidedByOperatingActivities": 8866000000, "Fiscal Date": "Q1 2020", "report_date": "2020-03-31", "free_cash_flow_change": -0.52, "Company": "T"}, {"dividendsPaid": -3726000000, "freeCashFlow": 8191000000, "capitalExpenditure": -3752000000, "netCashProvidedByOperatingActivities": 11943000000, "Fiscal Date": "Q4 2019", "report_date": "2019-12-31", "free_cash_flow_change": 0.31, "Company": "T"}, {"dividendsPaid": -3726000000, "freeCashFlow": 6248000000, "capitalExpenditure": -5141000000, "netCashProvidedByOperatingActivities": 11389000000, "Fiscal Date": "Q3 2019", "report_date": "2019-09-30", "free_cash_flow_change": -0.3, "Company": "T"}, {"dividendsPaid": -3722000000, "freeCashFlow": 8863000000, "capitalExpenditure": -5421000000, "netCashProvidedByOperatingActivities": 14284000000, "Fiscal Date": "Q2 2019", "report_date": "2019-06-30", "free_cash_flow_change": 0.49, "Company": "T"}, {"dividendsPaid": -3714000000, "freeCashFlow": 5931000000, "capitalExpenditure": -5121000000, "netCashProvidedByOperatingActivities": 11052000000, "Fiscal Date": "Q1 2019", "report_date": "2019-03-31", "free_cash_flow_change": NaN, "Company": "T"}], "CSCO": [{"dividendsPaid": -1606000000, "freeCashFlow": 3532000000, "capitalExpenditure": -198000000, "netCashProvidedByOperatingActivities": 3730000000, "Fiscal Date": "Q4 2024", "report_date": "2024-07-27", "free_cash_flow_analysis": -0.29, "Company": "CSCO"}, {"dividendsPaid": -1615000000, "freeCashFlow": 3803000000, "capitalExpenditure": -168000000, "netCashProvidedByOperatingActivities": 3971000000, "Fiscal Date": "Q3 2024", "report_date": "2024-04-27", "free_cash_flow_analysis": -0.17, "Company": "CSCO"}, {"dividendsPaid": -1583000000, "freeCashFlow": 638000000, "capitalExpenditure": -170000000, "netCashProvidedByOperatingActivities": 808000000, "Fiscal Date": "Q2 2024", "report_date": "2024-01-27", "free_cash_flow_analysis": -0.83, "Company": "CSCO"}, {"dividendsPaid": -1580000000, "freeCashFlow": 2237000000, "capitalExpenditure": -134000000, "netCashProvidedByOperatingActivities": 2371000000, "Fiscal Date": "Q1 2024", "report_date": "2023-10-28", "free_cash_flow_analysis": -0.37, "Company": "CSCO"}, {"dividendsPaid": -1589000000, "freeCashFlow": 5733000000, "capitalExpenditure": -233000000, "netCashProvidedByOperatingActivities": 5966000000, "Fiscal Date": "Q4 2023", "report_date": "2023-07-29", "free_cash_flow_analysis": 0.61, "Company": "CSCO"}, {"dividendsPaid": -1593000000, "freeCashFlow": 4949000000, "capitalExpenditure": -270000000, "netCashProvidedByOperatingActivities": 5219000000, "Fiscal Date": "Q3 2023", "report_date": "2023-04-29", "free_cash_flow_analysis": 1.11, "Company": "CSCO"}, {"dividendsPaid": -1560000000, "freeCashFlow": 4569000000, "capitalExpenditure": -170000000, "netCashProvidedByOperatingActivities": 4739000000, "Fiscal Date": "Q2 2023", "report_date": "2023-01-28", "free_cash_flow_analysis": 0.38, "Company": "CSCO"}, {"dividendsPaid": -1560000000, "freeCashFlow": 3786000000, "capitalExpenditure": -176000000, "netCashProvidedByOperatingActivities": 3962000000, "Fiscal Date": "Q1 2023", "report_date": "2022-10-29", "free_cash_flow_analysis": -0.13, "Company": "CSCO"}, {"dividendsPaid": -1567000000, "freeCashFlow": 3538000000, "capitalExpenditure": -139000000, "netCashProvidedByOperatingActivities": 3677000000, "Fiscal Date": "Q4 2022", "report_date": "2022-07-30", "free_cash_flow_analysis": -0.05, "Company": "CSCO"}, {"dividendsPaid": -1555000000, "freeCashFlow": 3555000000, "capitalExpenditure": -106000000, "netCashProvidedByOperatingActivities": 3661000000, "Fiscal Date": "Q3 2022", "report_date": "2022-04-30", "free_cash_flow_analysis": 0.28, "Company": "CSCO"}, {"dividendsPaid": -1541000000, "freeCashFlow": 2351000000, "capitalExpenditure": -110000000, "netCashProvidedByOperatingActivities": 2461000000, "Fiscal Date": "Q2 2022", "report_date": "2022-01-29", "free_cash_flow_analysis": -0.4, "Company": "CSCO"}, {"dividendsPaid": -1561000000, "freeCashFlow": 3305000000, "capitalExpenditure": -122000000, "netCashProvidedByOperatingActivities": 3427000000, "Fiscal Date": "Q1 2022", "report_date": "2021-10-30", "free_cash_flow_analysis": -0.08, "Company": "CSCO"}, {"dividendsPaid": -1562000000, "freeCashFlow": 4342000000, "capitalExpenditure": -162000000, "netCashProvidedByOperatingActivities": 4504000000, "Fiscal Date": "Q4 2021", "report_date": "2021-07-31", "free_cash_flow_analysis": 0.07, "Company": "CSCO"}, {"dividendsPaid": -1560000000, "freeCashFlow": 3708000000, "capitalExpenditure": -172000000, "netCashProvidedByOperatingActivities": 3880000000, "Fiscal Date": "Q3 2021", "report_date": "2021-05-01", "free_cash_flow_analysis": 0.03, "Company": "CSCO"}, {"dividendsPaid": -1521000000, "freeCashFlow": 2787000000, "capitalExpenditure": -187000000, "netCashProvidedByOperatingActivities": 2974000000, "Fiscal Date": "Q2 2021", "report_date": "2021-01-23", "free_cash_flow_analysis": -0.18, "Company": "CSCO"}, {"dividendsPaid": -1520000000, "freeCashFlow": 3925000000, "capitalExpenditure": -171000000, "netCashProvidedByOperatingActivities": 4096000000, "Fiscal Date": "Q1 2021", "report_date": "2020-10-24", "free_cash_flow_analysis": NaN, "Company": "CSCO"}, {"dividendsPaid": -1525000000, "freeCashFlow": 3594000000, "capitalExpenditure": -208000000, "netCashProvidedByOperatingActivities": 3802000000, "Fiscal Date": "Q4 2020", "report_date": "2020-07-25", "free_cash_flow_analysis": NaN, "Company": "CSCO"}, {"dividendsPaid": -1519000000, "freeCashFlow": 4066000000, "capitalExpenditure": -171000000, "netCashProvidedByOperatingActivities": 4237000000, "Fiscal Date": "Q3 2020", "report_date": "2020-04-25", "free_cash_flow_analysis": NaN, "Company": "CSCO"}, {"dividendsPaid": -1486000000, "freeCashFlow": 3611000000, "capitalExpenditure": -189000000, "netCashProvidedByOperatingActivities": 3800000000, "Fiscal Date": "Q2 2020", "report_date": "2020-01-25", "free_cash_flow_analysis": NaN, "Company": "CSCO"}, {"dividendsPaid": -1486000000, "freeCashFlow": 3385000000, "capitalExpenditure": -202000000, "netCashProvidedByOperatingActivities": 3587000000, "Fiscal Date": "Q1 2020", "report_date": "2019-10-26", "free_cash_flow_analysis": NaN, "Company": "CSCO"}]}}, {"OriginalQuery": "Determine and compare the times interest earned (TIE) ratios for energy companies like ExxonMobil (XOM), Chevron (CVX), and Dow Inc. (DOW) over the past four quarters. How well can these companies cover their interest obligations?", "ProcessedQueries": ["Determine and compare the times interest earned (TIE) ratio for ExxonMobil (XOM) over the past four quarters. How well can it cover its interest obligations?", "Determine and compare the times interest earned (TIE) ratio for Chevron (CVX) over the past four quarters. How well can it cover its interest obligations?", "Determine and compare the times interest earned (TIE) ratio for Dow Inc. (DOW) over the past four quarters. How well can it cover its interest obligations?"], "Results": {"XOM": [{"interestExpense": 169000000, "incomeBeforeTax": 13699000000, "Fiscal Date": "Q3 2024", "report_date": "2024-09-30", "times_interest_earned_ratio": 81.05917159763314, "Company": "XOM"}, {"interestExpense": 271000000, "incomeBeforeTax": 13665000000, "Fiscal Date": "Q2 2024", "report_date": "2024-06-30", "times_interest_earned_ratio": 50.42435424354244, "Company": "XOM"}, {"interestExpense": 221000000, "incomeBeforeTax": 12369000000, "Fiscal Date": "Q1 2024", "report_date": "2024-03-31", "times_interest_earned_ratio": 55.9683257918552, "Company": "XOM"}, {"interestExpense": 272000000, "incomeBeforeTax": 10625000000, "Fiscal Date": "Q4 2023", "report_date": "2023-12-31", "times_interest_earned_ratio": 39.0625, "Company": "XOM"}], "CVX": [{"operatingIncome": -11647000000, "interestExpense": 164000000, "Fiscal Date": "Q3 2024", "report_date": "2024-09-30", "tie_ratio": -71.01829268292683, "Company": "CVX"}, {"operatingIncome": 5649000000, "interestExpense": 113000000, "Fiscal Date": "Q2 2024", "report_date": "2024-06-30", "tie_ratio": 49.991150442477874, "Company": "CVX"}, {"operatingIncome": 5998000000, "interestExpense": 118000000, "Fiscal Date": "Q1 2024", "report_date": "2024-03-31", "tie_ratio": 50.83050847457627, "Company": "CVX"}, {"operatingIncome": 3610000000, "interestExpense": 120000000, "Fiscal Date": "Q4 2023", "report_date": "2023-12-31", "tie_ratio": 30.083333333333332, "Company": "CVX"}], "DOW": [{"operatingIncome": 390000000.0, "interestExpense": 199000000.0, "Fiscal Date": "Q3 2024", "report_date": "2024-09-30", "Company": "DOW"}, {"operatingIncome": 656000000.0, "interestExpense": 197000000.0, "Fiscal Date": "Q2 2024", "report_date": "2024-06-30", "Company": "DOW"}, {"operatingIncome": 704000000.0, "interestExpense": 199000000.0, "Fiscal Date": "Q1 2024", "report_date": "2024-03-31", "Company": "DOW"}, {"operatingIncome": 865000000.0, "interestExpense": 197000000.0, "Fiscal Date": "Q4 2023", "report_date": "2023-12-31", "Company": "DOW"}]}}, {"OriginalQuery": "Examine the EPS growth trend for healthcare companies such as Merck (MRK), Johnson & Johnson (JNJ), and Pfizer (PFE) from 2019 to 2023. Discuss any significant shifts or trends in their earnings performance.", "ProcessedQueries": ["Examine the EPS growth trend for Merck (MRK) from 2019 to 2023. Discuss any significant shifts or trends in their earnings performance.", "Examine the EPS growth trend for Johnson & Johnson (JNJ) from 2019 to 2023. Discuss any significant shifts or trends in their earnings performance.", "Examine the EPS growth trend for Pfizer (PFE) from 2019 to 2023. Discuss any significant shifts or trends in their earnings performance."], "Results": {"MRK": [{"eps": -0.48, "Fiscal Date": "Q4 2023", "report_date": "2023-12-31", "eps_growth": -1.26, "Company": "MRK"}, {"eps": 1.87, "Fiscal Date": "Q3 2023", "report_date": "2023-09-30", "eps_growth": -1.8, "Company": "MRK"}, {"eps": -2.35, "Fiscal Date": "Q2 2023", "report_date": "2023-06-30", "eps_growth": -3.12, "Company": "MRK"}, {"eps": 1.11, "Fiscal Date": "Q1 2023", "report_date": "2023-03-31", "eps_growth": -0.07, "Company": "MRK"}, {"eps": 1.19, "Fiscal Date": "Q4 2022", "report_date": "2022-12-31", "eps_growth": -0.07, "Company": "MRK"}, {"eps": 1.28, "Fiscal Date": "Q3 2022", "report_date": "2022-09-30", "eps_growth": -0.18, "Company": "MRK"}, {"eps": 1.56, "Fiscal Date": "Q2 2022", "report_date": "2022-06-30", "eps_growth": -0.08, "Company": "MRK"}, {"eps": 1.7, "Fiscal Date": "Q1 2022", "report_date": "2022-03-31", "eps_growth": 0.14, "Company": "MRK"}, {"eps": 1.49, "Fiscal Date": "Q4 2021", "report_date": "2021-12-31", "eps_growth": -0.18, "Company": "MRK"}, {"eps": 1.81, "Fiscal Date": "Q3 2021", "report_date": "2021-09-30", "eps_growth": 1.97, "Company": "MRK"}, {"eps": 0.61, "Fiscal Date": "Q2 2021", "report_date": "2021-06-30", "eps_growth": -0.52, "Company": "MRK"}, {"eps": 1.26, "Fiscal Date": "Q1 2021", "report_date": "2021-03-31", "eps_growth": -2.52, "Company": "MRK"}, {"eps": -0.83, "Fiscal Date": "Q4 2020", "report_date": "2020-12-31", "eps_growth": -1.72, "Company": "MRK"}, {"eps": 1.16, "Fiscal Date": "Q3 2020", "report_date": "2020-09-30", "eps_growth": -0.03, "Company": "MRK"}, {"eps": 1.19, "Fiscal Date": "Q2 2020", "report_date": "2020-06-30", "eps_growth": -0.07, "Company": "MRK"}, {"eps": 1.28, "Fiscal Date": "Q1 2020", "report_date": "2020-03-31", "eps_growth": 0.38, "Company": "MRK"}, {"eps": 0.93, "Fiscal Date": "Q4 2019", "report_date": "2019-12-31", "eps_growth": 0.24, "Company": "MRK"}, {"eps": 0.75, "Fiscal Date": "Q3 2019", "report_date": "2019-09-30", "eps_growth": -0.28, "Company": "MRK"}, {"eps": 1.04, "Fiscal Date": "Q2 2019", "report_date": "2019-06-30", "eps_growth": -0.08, "Company": "MRK"}, {"eps": 1.13, "Fiscal Date": "Q1 2019", "report_date": "2019-03-31", "eps_growth": NaN, "Company": "MRK"}], "JNJ": [{"epsdiluted": 10.21, "eps": 10.32, "Fiscal Date": "Q3 2023", "report_date": "2023-10-01", "eps_growth_trend": 4.21, "Company": "JNJ"}, {"epsdiluted": 1.96, "eps": 1.98, "Fiscal Date": "Q2 2023", "report_date": "2023-07-02", "eps_growth_trend": -66.33, "Company": "JNJ"}, {"epsdiluted": -0.03, "eps": -0.03, "Fiscal Date": "Q1 2023", "report_date": "2023-04-02", "eps_growth_trend": -1.02, "Company": "JNJ"}, {"epsdiluted": 1.33, "eps": 1.35, "Fiscal Date": "Q4 2022", "report_date": "2023-01-01", "eps_growth_trend": -0.21, "Company": "JNJ"}, {"epsdiluted": 1.68, "eps": 1.7, "Fiscal Date": "Q3 2022", "report_date": "2022-10-02", "eps_growth_trend": -0.07, "Company": "JNJ"}, {"epsdiluted": 1.8, "eps": 1.83, "Fiscal Date": "Q2 2022", "report_date": "2022-07-03", "eps_growth_trend": -0.07, "Company": "JNJ"}, {"epsdiluted": 1.93, "eps": 1.96, "Fiscal Date": "Q1 2022", "report_date": "2022-04-03", "eps_growth_trend": 0.09, "Company": "JNJ"}, {"epsdiluted": 1.77, "eps": 1.8, "Fiscal Date": "Q4 2021", "report_date": "2022-01-02", "eps_growth_trend": 0.29, "Company": "JNJ"}, {"epsdiluted": 1.37, "eps": 1.39, "Fiscal Date": "Q3 2021", "report_date": "2021-10-03", "eps_growth_trend": -0.42, "Company": "JNJ"}, {"epsdiluted": 2.35, "eps": 2.38, "Fiscal Date": "Q2 2021", "report_date": "2021-07-04", "eps_growth_trend": 0.01, "Company": "JNJ"}, {"epsdiluted": 2.32, "eps": 2.35, "Fiscal Date": "Q1 2021", "report_date": "2021-04-04", "eps_growth_trend": 2.57, "Company": "JNJ"}, {"epsdiluted": 0.65, "eps": 0.66, "Fiscal Date": "Q4 2020", "report_date": "2021-01-03", "eps_growth_trend": -0.51, "Company": "JNJ"}, {"epsdiluted": 1.33, "eps": 1.35, "Fiscal Date": "Q3 2020", "report_date": "2020-09-27", "eps_growth_trend": -0.02, "Company": "JNJ"}, {"epsdiluted": 1.36, "eps": 1.38, "Fiscal Date": "Q2 2020", "report_date": "2020-06-28", "eps_growth_trend": -0.37, "Company": "JNJ"}, {"epsdiluted": 2.17, "eps": 2.2, "Fiscal Date": "Q1 2020", "report_date": "2020-03-29", "eps_growth_trend": 0.45, "Company": "JNJ"}, {"epsdiluted": 1.5, "eps": 1.52, "Fiscal Date": "Q4 2019", "report_date": "2019-12-29", "eps_growth_trend": -0.17, "Company": "JNJ"}, {"epsdiluted": 1.81, "eps": 1.84, "Fiscal Date": "Q3 2019", "report_date": "2019-09-29", "eps_growth_trend": -0.13, "Company": "JNJ"}, {"epsdiluted": 2.08, "eps": 2.12, "Fiscal Date": "Q2 2019", "report_date": "2019-06-30", "eps_growth_trend": 0.5, "Company": "JNJ"}, {"epsdiluted": 1.39, "eps": 1.41, "Fiscal Date": "Q1 2019", "report_date": "2019-03-31", "eps_growth_trend": NaN, "Company": "JNJ"}], "PFE": [{"epsdiluted": -0.59, "eps": -0.59, "Fiscal Date": "Q4 2023", "report_date": "2023-12-31", "eps_growth": 0.4, "Company": "PFE"}, {"epsdiluted": -0.42, "eps": -0.42, "Fiscal Date": "Q3 2023", "report_date": "2023-10-01", "eps_growth": -2.02, "Company": "PFE"}, {"epsdiluted": 0.41, "eps": 0.41, "Fiscal Date": "Q2 2023", "report_date": "2023-07-02", "eps_growth": -0.58, "Company": "PFE"}, {"epsdiluted": 0.97, "eps": 0.98, "Fiscal Date": "Q1 2023", "report_date": "2023-04-02", "eps_growth": 0.11, "Company": "PFE"}, {"epsdiluted": 0.87, "eps": 0.89, "Fiscal Date": "Q4 2022", "report_date": "2022-12-31", "eps_growth": -0.42, "Company": "PFE"}, {"epsdiluted": 1.51, "eps": 1.54, "Fiscal Date": "Q3 2022", "report_date": "2022-10-02", "eps_growth": -0.13, "Company": "PFE"}, {"epsdiluted": 1.73, "eps": 1.77, "Fiscal Date": "Q2 2022", "report_date": "2022-07-03", "eps_growth": 0.26, "Company": "PFE"}, {"epsdiluted": 1.37, "eps": 1.4, "Fiscal Date": "Q1 2022", "report_date": "2022-04-03", "eps_growth": 1.32, "Company": "PFE"}, {"epsdiluted": 0.59, "eps": 0.6, "Fiscal Date": "Q4 2021", "report_date": "2021-12-31", "eps_growth": -0.58, "Company": "PFE"}, {"epsdiluted": 1.42, "eps": 1.45, "Fiscal Date": "Q3 2021", "report_date": "2021-10-03", "eps_growth": 0.45, "Company": "PFE"}, {"epsdiluted": 0.98, "eps": 0.99, "Fiscal Date": "Q2 2021", "report_date": "2021-07-04", "eps_growth": 0.14, "Company": "PFE"}, {"epsdiluted": 0.86, "eps": 0.87, "Fiscal Date": "Q1 2021", "report_date": "2021-04-04", "eps_growth": 7.6, "Company": "PFE"}, {"epsdiluted": 0.1, "eps": 0.11, "Fiscal Date": "Q4 2020", "report_date": "2020-12-31", "eps_growth": -0.74, "Company": "PFE"}, {"epsdiluted": 0.39, "eps": 0.39, "Fiscal Date": "Q3 2020", "report_date": "2020-09-27", "eps_growth": -0.37, "Company": "PFE"}, {"epsdiluted": 0.62, "eps": 0.63, "Fiscal Date": "Q2 2020", "report_date": "2020-06-28", "eps_growth": 0.03, "Company": "PFE"}, {"epsdiluted": 0.6, "eps": 0.6, "Fiscal Date": "Q1 2020", "report_date": "2020-03-29", "eps_growth": -11.03, "Company": "PFE"}, {"epsdiluted": -0.0598, "eps": -0.0609, "Fiscal Date": "Q4 2019", "report_date": "2019-12-31", "eps_growth": -1.04, "Company": "PFE"}, {"epsdiluted": 1.36, "eps": 1.38, "Fiscal Date": "Q3 2019", "report_date": "2019-09-29", "eps_growth": 0.53, "Company": "PFE"}, {"epsdiluted": 0.89, "eps": 0.91, "Fiscal Date": "Q2 2019", "report_date": "2019-06-30", "eps_growth": 0.31, "Company": "PFE"}, {"epsdiluted": 0.68, "eps": 0.69, "Fiscal Date": "Q1 2019", "report_date": "2019-03-31", "eps_growth": NaN, "Company": "PFE"}]}}, {"OriginalQuery": "Compare the net profit margins and gross profit margins for companies like Disney (DIS), McDonald's (MCD), and Nike (NKE) over the last three years. Identify which company showcases the highest profitability based on these metrics.", "ProcessedQueries": ["Compare the net profit margins and gross profit margins for Disney (DIS) over the last three years. Identify which company showcases the highest profitability based on these metrics.", "Compare the net profit margins and gross profit margins for McDonald's (MCD) over the last three years. Identify which company showcases the highest profitability based on these metrics.", "Compare the net profit margins and gross profit margins for Nike (NKE) over the last three years. Identify which company showcases the highest profitability based on these metrics."], "Results": {"DIS": [{"netIncomeRatio": 0.1131936947, "grossProfitRatio": 0.3647592313, "Fiscal Date": "Q3 2024", "report_date": "2024-06-29", "net_profit_margin": 0.1131936947, "gross_profit_margin": 0.3647592313, "Company": "DIS"}, {"netIncomeRatio": -0.000905674, "grossProfitRatio": 0.3582393697, "Fiscal Date": "Q2 2024", "report_date": "2024-03-30", "net_profit_margin": -0.000905674, "gross_profit_margin": 0.3582393697, "Company": "DIS"}, {"netIncomeRatio": 0.0811499427, "grossProfitRatio": 0.3381035288, "Fiscal Date": "Q1 2024", "report_date": "2023-12-30", "net_profit_margin": 0.0811499427, "gross_profit_margin": 0.3381035288, "Company": "DIS"}, {"netIncomeRatio": 0.0124287934, "grossProfitRatio": 0.3537027447, "Fiscal Date": "Q4 2023", "report_date": "2023-09-30", "net_profit_margin": 0.0124287934, "gross_profit_margin": 0.3537027447, "Company": "DIS"}, {"netIncomeRatio": -0.0206000896, "grossProfitRatio": 0.3519480519, "Fiscal Date": "Q3 2023", "report_date": "2023-07-01", "net_profit_margin": -0.0206000896, "gross_profit_margin": 0.3519480519, "Company": "DIS"}, {"netIncomeRatio": 0.0582626633, "grossProfitRatio": 0.330002292, "Fiscal Date": "Q2 2023", "report_date": "2023-04-01", "net_profit_margin": 0.0582626633, "gross_profit_margin": 0.330002292, "Company": "DIS"}, {"netIncomeRatio": 0.0543977543, "grossProfitRatio": 0.3030792787, "Fiscal Date": "Q1 2023", "report_date": "2022-12-31", "net_profit_margin": 0.0543977543, "gross_profit_margin": 0.3030792787, "Company": "DIS"}, {"netIncomeRatio": 0.0080397022, "grossProfitRatio": 0.327146402, "Fiscal Date": "Q4 2022", "report_date": "2022-10-01", "net_profit_margin": 0.0080397022, "gross_profit_margin": 0.327146402, "Company": "DIS"}, {"netIncomeRatio": 0.0655226935, "grossProfitRatio": 0.3637462798, "Fiscal Date": "Q3 2022", "report_date": "2022-07-02", "net_profit_margin": 0.0655226935, "gross_profit_margin": 0.3637462798, "Company": "DIS"}, {"netIncomeRatio": 0.0244168528, "grossProfitRatio": 0.3457322458, "Fiscal Date": "Q2 2022", "report_date": "2022-04-02", "net_profit_margin": 0.0244168528, "gross_profit_margin": 0.3457322458, "Company": "DIS"}, {"netIncomeRatio": 0.0527980201, "grossProfitRatio": 0.3323708694, "Fiscal Date": "Q1 2022", "report_date": "2022-01-01", "net_profit_margin": 0.0527980201, "gross_profit_margin": 0.3323708694, "Company": "DIS"}, {"netIncomeRatio": 0.008632783, "grossProfitRatio": 0.3341426567, "Fiscal Date": "Q4 2021", "report_date": "2021-10-02", "net_profit_margin": 0.008632783, "gross_profit_margin": 0.3341426567, "Company": "DIS"}, {"netIncomeRatio": 0.0542239455, "grossProfitRatio": 0.3400892962, "Fiscal Date": "Q3 2021", "report_date": "2021-07-03", "net_profit_margin": 0.0542239455, "gross_profit_margin": 0.3400892962, "Company": "DIS"}, {"netIncomeRatio": 0.0584128611, "grossProfitRatio": 0.3734708256, "Fiscal Date": "Q2 2021", "report_date": "2021-04-03", "net_profit_margin": 0.0584128611, "gross_profit_margin": 0.3734708256, "Company": "DIS"}, {"netIncomeRatio": 0.0017847252, "grossProfitRatio": 0.2753400209, "Fiscal Date": "Q1 2021", "report_date": "2021-01-02", "net_profit_margin": 0.0017847252, "gross_profit_margin": 0.2753400209, "Company": "DIS"}], "MCD": [{"netIncomeRatio": 0.318285411, "grossProfitRatio": 0.5562892198, "Fiscal Date": "Q4 2023", "report_date": "2023-12-31", "net_profit_margin": 0.318285411, "gross_profit_margin": 0.5562892198, "Company": "MCD"}, {"netIncomeRatio": 0.346238905, "grossProfitRatio": 0.5773437733, "Fiscal Date": "Q3 2023", "report_date": "2023-09-30", "net_profit_margin": 0.346238905, "gross_profit_margin": 0.5773437733, "Company": "MCD"}, {"netIncomeRatio": 0.3555213544, "grossProfitRatio": 0.5742208542, "Fiscal Date": "Q2 2023", "report_date": "2023-06-30", "net_profit_margin": 0.3555213544, "gross_profit_margin": 0.5742208542, "Company": "MCD"}, {"netIncomeRatio": 0.3055376581, "grossProfitRatio": 0.561836617, "Fiscal Date": "Q1 2023", "report_date": "2023-03-31", "net_profit_margin": 0.3055376581, "gross_profit_margin": 0.561836617, "Company": "MCD"}, {"netIncomeRatio": 0.3211676369, "grossProfitRatio": 0.5751961529, "Fiscal Date": "Q4 2022", "report_date": "2022-12-31", "net_profit_margin": 0.3211676369, "gross_profit_margin": 0.5751961529, "Company": "MCD"}, {"netIncomeRatio": 0.3374601931, "grossProfitRatio": 0.5868598968, "Fiscal Date": "Q3 2022", "report_date": "2022-09-30", "net_profit_margin": 0.3374601931, "gross_profit_margin": 0.5868598968, "Company": "MCD"}, {"netIncomeRatio": 0.2077504197, "grossProfitRatio": 0.5774517348, "Fiscal Date": "Q2 2022", "report_date": "2022-06-30", "net_profit_margin": 0.2077504197, "gross_profit_margin": 0.5774517348, "Company": "MCD"}, {"netIncomeRatio": 0.1949308105, "grossProfitRatio": 0.5383542785, "Fiscal Date": "Q1 2022", "report_date": "2022-03-31", "net_profit_margin": 0.1949308105, "gross_profit_margin": 0.5383542785, "Company": "MCD"}, {"netIncomeRatio": 0.2727197084, "grossProfitRatio": 0.54267694, "Fiscal Date": "Q4 2021", "report_date": "2021-12-31", "net_profit_margin": 0.2727197084, "gross_profit_margin": 0.54267694, "Company": "MCD"}, {"netIncomeRatio": 0.3466853724, "grossProfitRatio": 0.5533355909, "Fiscal Date": "Q3 2021", "report_date": "2021-09-30", "net_profit_margin": 0.3466853724, "gross_profit_margin": 0.5533355909, "Company": "MCD"}, {"netIncomeRatio": 0.3769255592, "grossProfitRatio": 0.5467993682, "Fiscal Date": "Q2 2021", "report_date": "2021-06-30", "net_profit_margin": 0.3769255592, "gross_profit_margin": 0.5467993682, "Company": "MCD"}, {"netIncomeRatio": 0.2999648753, "grossProfitRatio": 0.5206845412, "Fiscal Date": "Q1 2021", "report_date": "2021-03-31", "net_profit_margin": 0.2999648753, "gross_profit_margin": 0.5206845412, "Company": "MCD"}], "NKE": [{"netIncomeRatio": 0.1178667463, "grossProfitRatio": 0.4459964147, "Fiscal Date": "Q2 2024", "report_date": "2023-11-30", "net_profit_margin": 0.1178667463, "gross_profit_margin": 0.4459964147, "Company": "NKE"}, {"netIncomeRatio": 0.1120643017, "grossProfitRatio": 0.4420743489, "Fiscal Date": "Q1 2024", "report_date": "2023-08-31", "net_profit_margin": 0.1120643017, "gross_profit_margin": 0.4420743489, "Company": "NKE"}, {"netIncomeRatio": 0.0803898635, "grossProfitRatio": 0.4362573099, "Fiscal Date": "Q4 2023", "report_date": "2023-05-31", "net_profit_margin": 0.0803898635, "gross_profit_margin": 0.4362573099, "Company": "NKE"}, {"netIncomeRatio": 0.1000807103, "grossProfitRatio": 0.4334947538, "Fiscal Date": "Q3 2023", "report_date": "2023-02-28", "net_profit_margin": 0.1000807103, "gross_profit_margin": 0.4334947538, "Company": "NKE"}, {"netIncomeRatio": 0.0999624484, "grossProfitRatio": 0.4289147578, "Fiscal Date": "Q2 2023", "report_date": "2022-11-30", "net_profit_margin": 0.0999624484, "gross_profit_margin": 0.4289147578, "Company": "NKE"}, {"netIncomeRatio": 0.1157089935, "grossProfitRatio": 0.4425790179, "Fiscal Date": "Q1 2023", "report_date": "2022-08-31", "net_profit_margin": 0.1157089935, "gross_profit_margin": 0.4425790179, "Company": "NKE"}, {"netIncomeRatio": 0.1176230178, "grossProfitRatio": 0.4498119993, "Fiscal Date": "Q4 2022", "report_date": "2022-05-31", "net_profit_margin": 0.1176230178, "gross_profit_margin": 0.4498119993, "Company": "NKE"}, {"netIncomeRatio": 0.1284150492, "grossProfitRatio": 0.4661024745, "Fiscal Date": "Q3 2022", "report_date": "2022-02-28", "net_profit_margin": 0.1284150492, "gross_profit_margin": 0.4661024745, "Company": "NKE"}, {"netIncomeRatio": 0.1177247513, "grossProfitRatio": 0.459012063, "Fiscal Date": "Q2 2022", "report_date": "2021-11-30", "net_profit_margin": 0.1177247513, "gross_profit_margin": 0.459012063, "Company": "NKE"}, {"netIncomeRatio": 0.1530045722, "grossProfitRatio": 0.4650555193, "Fiscal Date": "Q1 2022", "report_date": "2021-08-31", "net_profit_margin": 0.1530045722, "gross_profit_margin": 0.4650555193, "Company": "NKE"}, {"netIncomeRatio": 0.1222456254, "grossProfitRatio": 0.458117304, "Fiscal Date": "Q4 2021", "report_date": "2021-05-31", "net_profit_margin": 0.1222456254, "gross_profit_margin": 0.458117304, "Company": "NKE"}, {"netIncomeRatio": 0.139905378, "grossProfitRatio": 0.4556338708, "Fiscal Date": "Q3 2021", "report_date": "2021-02-28", "net_profit_margin": 0.139905378, "gross_profit_margin": 0.4556338708, "Company": "NKE"}]}}, {"OriginalQuery": "Analyze changes in capital expenditures over the last five years for Dow 30 industrial companies, including General Electric (GE), Honeywell (HON), and Caterpillar (CAT). What investment patterns can be observed?", "ProcessedQueries": ["Analyze changes in capital expenditures over the last five years for General Electric (GE). What investment patterns can be observed?", "Analyze changes in capital expenditures over the last five years for Honeywell (HON). What investment patterns can be observed?", "Analyze changes in capital expenditures over the last five years for Caterpillar (CAT). What investment patterns can be observed?"], "Results": {"GE": [{"investmentsInPropertyPlantAndEquipment": -266000000, "capitalExpenditure": -266000000, "Fiscal Date": "Q3 2024", "report_date": "2024-09-30", "capital_expenditure_change": -0.34, "Company": "GE"}, {"investmentsInPropertyPlantAndEquipment": -78000000, "capitalExpenditure": -78000000, "Fiscal Date": "Q2 2024", "report_date": "2024-06-30", "capital_expenditure_change": -0.79, "Company": "GE"}, {"investmentsInPropertyPlantAndEquipment": -421000000, "capitalExpenditure": -421000000, "Fiscal Date": "Q1 2024", "report_date": "2024-03-31", "capital_expenditure_change": 0.41, "Company": "GE"}, {"investmentsInPropertyPlantAndEquipment": -530000000, "capitalExpenditure": -530000000, "Fiscal Date": "Q4 2023", "report_date": "2023-12-31", "capital_expenditure_change": 0.18, "Company": "GE"}, {"investmentsInPropertyPlantAndEquipment": -402000000, "capitalExpenditure": -402000000, "Fiscal Date": "Q3 2023", "report_date": "2023-09-30", "capital_expenditure_change": 0.23, "Company": "GE"}, {"investmentsInPropertyPlantAndEquipment": -364000000, "capitalExpenditure": -364000000, "Fiscal Date": "Q2 2023", "report_date": "2023-06-30", "capital_expenditure_change": 0.06, "Company": "GE"}, {"investmentsInPropertyPlantAndEquipment": -299000000, "capitalExpenditure": -299000000, "Fiscal Date": "Q1 2023", "report_date": "2023-03-31", "capital_expenditure_change": -0.18, "Company": "GE"}, {"investmentsInPropertyPlantAndEquipment": -449000000, "capitalExpenditure": -449000000, "Fiscal Date": "Q4 2022", "report_date": "2022-12-31", "capital_expenditure_change": 0.16, "Company": "GE"}, {"investmentsInPropertyPlantAndEquipment": -327000000, "capitalExpenditure": -327000000, "Fiscal Date": "Q3 2022", "report_date": "2022-09-30", "capital_expenditure_change": 0.01, "Company": "GE"}, {"investmentsInPropertyPlantAndEquipment": -345000000, "capitalExpenditure": -345000000, "Fiscal Date": "Q2 2022", "report_date": "2022-06-30", "capital_expenditure_change": 0.18, "Company": "GE"}, {"investmentsInPropertyPlantAndEquipment": -363000000, "capitalExpenditure": -363000000, "Fiscal Date": "Q1 2022", "report_date": "2022-03-31", "capital_expenditure_change": 0.02, "Company": "GE"}, {"investmentsInPropertyPlantAndEquipment": -388000000, "capitalExpenditure": -388000000, "Fiscal Date": "Q4 2021", "report_date": "2021-12-31", "capital_expenditure_change": -0.63, "Company": "GE"}, {"investmentsInPropertyPlantAndEquipment": -325000000, "capitalExpenditure": -325000000, "Fiscal Date": "Q3 2021", "report_date": "2021-09-30", "capital_expenditure_change": -0.5, "Company": "GE"}, {"investmentsInPropertyPlantAndEquipment": -292000000, "capitalExpenditure": -292000000, "Fiscal Date": "Q2 2021", "report_date": "2021-06-30", "capital_expenditure_change": -0.53, "Company": "GE"}, {"investmentsInPropertyPlantAndEquipment": -356000000, "capitalExpenditure": -356000000, "Fiscal Date": "Q1 2021", "report_date": "2021-03-31", "capital_expenditure_change": -0.67, "Company": "GE"}, {"investmentsInPropertyPlantAndEquipment": -1037000000, "capitalExpenditure": -1037000000, "Fiscal Date": "Q4 2020", "report_date": "2020-12-31", "capital_expenditure_change": NaN, "Company": "GE"}, {"investmentsInPropertyPlantAndEquipment": -654000000, "capitalExpenditure": -654000000, "Fiscal Date": "Q3 2020", "report_date": "2020-09-30", "capital_expenditure_change": NaN, "Company": "GE"}, {"investmentsInPropertyPlantAndEquipment": -625000000, "capitalExpenditure": -625000000, "Fiscal Date": "Q2 2020", "report_date": "2020-06-30", "capital_expenditure_change": NaN, "Company": "GE"}, {"investmentsInPropertyPlantAndEquipment": -1087000000, "capitalExpenditure": -1087000000, "Fiscal Date": "Q1 2020", "report_date": "2020-03-31", "capital_expenditure_change": NaN, "Company": "GE"}], "HON": [{"capitalExpenditure": -279000000, "Fiscal Date": "Q3 2024", "report_date": "2024-09-30", "capital_expenditure_change": 0.08, "Company": "HON"}, {"capitalExpenditure": -259000000, "Fiscal Date": "Q2 2024", "report_date": "2024-06-30", "capital_expenditure_change": 0.11, "Company": "HON"}, {"capitalExpenditure": -233000000, "Fiscal Date": "Q1 2024", "report_date": "2024-03-31", "capital_expenditure_change": -0.36, "Company": "HON"}, {"capitalExpenditure": -364000000, "Fiscal Date": "Q4 2023", "report_date": "2023-12-31", "capital_expenditure_change": 0.46, "Company": "HON"}, {"capitalExpenditure": -249000000, "Fiscal Date": "Q3 2023", "report_date": "2023-09-30", "capital_expenditure_change": 0.07, "Company": "HON"}, {"capitalExpenditure": -233000000, "Fiscal Date": "Q2 2023", "report_date": "2023-06-30", "capital_expenditure_change": 0.21, "Company": "HON"}, {"capitalExpenditure": -193000000, "Fiscal Date": "Q1 2023", "report_date": "2023-03-31", "capital_expenditure_change": -0.2, "Company": "HON"}, {"capitalExpenditure": -241000000, "Fiscal Date": "Q4 2022", "report_date": "2022-12-31", "capital_expenditure_change": 0.31, "Company": "HON"}, {"capitalExpenditure": -184000000, "Fiscal Date": "Q3 2022", "report_date": "2022-09-30", "capital_expenditure_change": 0.16, "Company": "HON"}, {"capitalExpenditure": -158000000, "Fiscal Date": "Q2 2022", "report_date": "2022-06-30", "capital_expenditure_change": -0.14, "Company": "HON"}, {"capitalExpenditure": -183000000, "Fiscal Date": "Q1 2022", "report_date": "2022-03-31", "capital_expenditure_change": -0.35, "Company": "HON"}, {"capitalExpenditure": -281000000, "Fiscal Date": "Q4 2021", "report_date": "2021-12-31", "capital_expenditure_change": 0.35, "Company": "HON"}, {"capitalExpenditure": -208000000, "Fiscal Date": "Q3 2021", "report_date": "2021-09-30", "capital_expenditure_change": 0.12, "Company": "HON"}, {"capitalExpenditure": -185000000, "Fiscal Date": "Q2 2021", "report_date": "2021-06-30", "capital_expenditure_change": -0.16, "Company": "HON"}, {"capitalExpenditure": -221000000, "Fiscal Date": "Q1 2021", "report_date": "2021-03-31", "capital_expenditure_change": -0.24, "Company": "HON"}, {"capitalExpenditure": -291000000, "Fiscal Date": "Q4 2020", "report_date": "2020-12-31", "capital_expenditure_change": 0.17, "Company": "HON"}, {"capitalExpenditure": -249000000, "Fiscal Date": "Q3 2020", "report_date": "2020-09-30", "capital_expenditure_change": 0.1, "Company": "HON"}, {"capitalExpenditure": -227000000, "Fiscal Date": "Q2 2020", "report_date": "2020-06-30", "capital_expenditure_change": 0.63, "Company": "HON"}, {"capitalExpenditure": -139000000, "Fiscal Date": "Q1 2020", "report_date": "2020-03-31", "capital_expenditure_change": -0.59, "Company": "HON"}, {"capitalExpenditure": -335000000, "Fiscal Date": "Q4 2019", "report_date": "2019-12-31", "capital_expenditure_change": NaN, "Company": "HON"}], "CAT": [{"investmentsInPropertyPlantAndEquipment": -723000000, "capitalExpenditure": -723000000, "Fiscal Date": "Q3 2024", "report_date": "2024-09-30", "capital_expenditure_change": -0.07, "Company": "CAT"}, {"investmentsInPropertyPlantAndEquipment": -719000000, "capitalExpenditure": -719000000, "Fiscal Date": "Q2 2024", "report_date": "2024-06-30", "capital_expenditure_change": 0.02, "Company": "CAT"}, {"investmentsInPropertyPlantAndEquipment": -736000000, "capitalExpenditure": -736000000, "Fiscal Date": "Q1 2024", "report_date": "2024-03-31", "capital_expenditure_change": -0.02, "Company": "CAT"}, {"investmentsInPropertyPlantAndEquipment": -854000000, "capitalExpenditure": -854000000, "Fiscal Date": "Q4 2023", "report_date": "2023-12-31", "capital_expenditure_change": 0.21, "Company": "CAT"}, {"investmentsInPropertyPlantAndEquipment": -781000000, "capitalExpenditure": -781000000, "Fiscal Date": "Q3 2023", "report_date": "2023-09-30", "capital_expenditure_change": 0.27, "Company": "CAT"}, {"investmentsInPropertyPlantAndEquipment": -707000000, "capitalExpenditure": -707000000, "Fiscal Date": "Q2 2023", "report_date": "2023-06-30", "capital_expenditure_change": 0.19, "Company": "CAT"}, {"investmentsInPropertyPlantAndEquipment": -750000000, "capitalExpenditure": -750000000, "Fiscal Date": "Q1 2023", "report_date": "2023-03-31", "capital_expenditure_change": 0.1, "Company": "CAT"}, {"investmentsInPropertyPlantAndEquipment": -708000000, "capitalExpenditure": -708000000, "Fiscal Date": "Q4 2022", "report_date": "2022-12-31", "capital_expenditure_change": -0.1, "Company": "CAT"}, {"investmentsInPropertyPlantAndEquipment": -617000000, "capitalExpenditure": -617000000, "Fiscal Date": "Q3 2022", "report_date": "2022-09-30", "capital_expenditure_change": 0.05, "Company": "CAT"}, {"investmentsInPropertyPlantAndEquipment": -595000000, "capitalExpenditure": -595000000, "Fiscal Date": "Q2 2022", "report_date": "2022-06-30", "capital_expenditure_change": -0.0, "Company": "CAT"}, {"investmentsInPropertyPlantAndEquipment": -679000000, "capitalExpenditure": -679000000, "Fiscal Date": "Q1 2022", "report_date": "2022-03-31", "capital_expenditure_change": 0.35, "Company": "CAT"}, {"investmentsInPropertyPlantAndEquipment": -785000000, "capitalExpenditure": -785000000, "Fiscal Date": "Q4 2021", "report_date": "2021-12-31", "capital_expenditure_change": 0.26, "Company": "CAT"}, {"investmentsInPropertyPlantAndEquipment": -587000000, "capitalExpenditure": -587000000, "Fiscal Date": "Q3 2021", "report_date": "2021-09-30", "capital_expenditure_change": 0.19, "Company": "CAT"}, {"investmentsInPropertyPlantAndEquipment": -596000000, "capitalExpenditure": -596000000, "Fiscal Date": "Q2 2021", "report_date": "2021-06-30", "capital_expenditure_change": 0.32, "Company": "CAT"}, {"investmentsInPropertyPlantAndEquipment": -504000000, "capitalExpenditure": -504000000, "Fiscal Date": "Q1 2021", "report_date": "2021-03-31", "capital_expenditure_change": -0.08, "Company": "CAT"}, {"investmentsInPropertyPlantAndEquipment": -624000000, "capitalExpenditure": -624000000, "Fiscal Date": "Q4 2020", "report_date": "2020-12-31", "capital_expenditure_change": NaN, "Company": "CAT"}, {"investmentsInPropertyPlantAndEquipment": -493000000, "capitalExpenditure": -493000000, "Fiscal Date": "Q3 2020", "report_date": "2020-09-30", "capital_expenditure_change": NaN, "Company": "CAT"}, {"investmentsInPropertyPlantAndEquipment": -450000000, "capitalExpenditure": -450000000, "Fiscal Date": "Q2 2020", "report_date": "2020-06-30", "capital_expenditure_change": NaN, "Company": "CAT"}, {"investmentsInPropertyPlantAndEquipment": -548000000, "capitalExpenditure": -548000000, "Fiscal Date": "Q1 2020", "report_date": "2020-03-31", "capital_expenditure_change": NaN, "Company": "CAT"}]}}, {"OriginalQuery": "Evaluate the current ratio and quick ratio for consumer goods companies like Coca-Cola (KO), Procter & Gamble (PG), and McDonald's (MCD) from 2020 to 2023. Determine which company maintains the highest liquidity and discuss any potential implications.", "ProcessedQueries": ["Evaluate the current ratio and quick ratio for Coca-Cola (KO) from 2020 to 2023. Determine if they maintain the highest liquidity and discuss any potential implications.", "Evaluate the current ratio and quick ratio for Procter & Gamble (PG) from 2020 to 2023. Determine if they maintain the highest liquidity and discuss any potential implications.", "Evaluate the current ratio and quick ratio for McDonald's (MCD) from 2020 to 2023. Determine if they maintain the highest liquidity and discuss any potential implications."], "Results": {"KO": [{"otherCurrentAssets": 5235000000, "totalCurrentLiabilities": 23571000000, "inventory": 4424000000, "cashAndCashEquivalents": 9366000000, "accountsReceivables": -2000000, "totalCurrentAssets": 26732000000, "Fiscal Date": "Q4 2023", "report_date": "2023-12-31", "current_ratio": 1.1341054685842773, "quick_ratio": 0.6193627762929023, "Company": "KO"}, {"otherCurrentAssets": 4685000000, "totalCurrentLiabilities": 24409000000, "inventory": 4252000000, "cashAndCashEquivalents": 11883000000, "accountsReceivables": 0, "totalCurrentAssets": 27867000000, "Fiscal Date": "Q3 2023", "report_date": "2023-09-29", "current_ratio": 1.141669056495555, "quick_ratio": 0.6787660289237576, "Company": "KO"}, {"otherCurrentAssets": 3281000000, "totalCurrentLiabilities": 24115000000, "inventory": 4646000000, "cashAndCashEquivalents": 12564000000, "accountsReceivables": 0, "totalCurrentAssets": 27591000000, "Fiscal Date": "Q2 2023", "report_date": "2023-06-30", "current_ratio": 1.1441426498030272, "quick_ratio": 0.6570599212108647, "Company": "KO"}, {"otherCurrentAssets": 3259000000, "totalCurrentLiabilities": 23357000000, "inventory": 4727000000, "cashAndCashEquivalents": 12004000000, "accountsReceivables": 0, "totalCurrentAssets": 26880000000, "Fiscal Date": "Q1 2023", "report_date": "2023-03-31", "current_ratio": 1.1508327268056686, "quick_ratio": 0.6534657704328467, "Company": "KO"}, {"otherCurrentAssets": 3240000000, "totalCurrentLiabilities": 19724000000, "inventory": 4233000000, "cashAndCashEquivalents": 9519000000, "accountsReceivables": -69000000, "totalCurrentAssets": 22591000000, "Fiscal Date": "Q4 2022", "report_date": "2022-12-31", "current_ratio": 1.1453559115798013, "quick_ratio": 0.6433786250253498, "Company": "KO"}, {"otherCurrentAssets": 3217000000, "totalCurrentLiabilities": 21439000000, "inventory": 3708000000, "cashAndCashEquivalents": 10127000000, "accountsReceivables": 0, "totalCurrentAssets": 24139000000, "Fiscal Date": "Q3 2022", "report_date": "2022-09-30", "current_ratio": 1.1259387098278837, "quick_ratio": 0.6224170903493633, "Company": "KO"}, {"otherCurrentAssets": 3407000000, "totalCurrentLiabilities": 20531000000, "inventory": 3621000000, "cashAndCashEquivalents": 8976000000, "accountsReceivables": 0, "totalCurrentAssets": 23141000000, "Fiscal Date": "Q2 2022", "report_date": "2022-07-01", "current_ratio": 1.1271248356144368, "quick_ratio": 0.6031367200818275, "Company": "KO"}, {"otherCurrentAssets": 3418000000, "totalCurrentLiabilities": 18787000000, "inventory": 3741000000, "cashAndCashEquivalents": 7681000000, "accountsReceivables": 0, "totalCurrentAssets": 22156000000, "Fiscal Date": "Q1 2022", "report_date": "2022-04-01", "current_ratio": 1.1793261297705862, "quick_ratio": 0.5907808591047, "Company": "KO"}, {"otherCurrentAssets": 2994000000, "totalCurrentLiabilities": 19950000000, "inventory": 3414000000, "cashAndCashEquivalents": 9684000000, "accountsReceivables": -225000000, "totalCurrentAssets": 22545000000, "Fiscal Date": "Q4 2021", "report_date": "2021-12-31", "current_ratio": 1.130075187969925, "quick_ratio": 0.6242105263157894, "Company": "KO"}, {"otherCurrentAssets": 2300000000, "totalCurrentLiabilities": 15990000000, "inventory": 3182000000, "cashAndCashEquivalents": 11301000000, "accountsReceivables": 0, "totalCurrentAssets": 24240000000, "Fiscal Date": "Q3 2021", "report_date": "2021-10-01", "current_ratio": 1.5159474671669793, "quick_ratio": 0.8505941213258287, "Company": "KO"}, {"otherCurrentAssets": 2122000000, "totalCurrentLiabilities": 15299000000, "inventory": 3281000000, "cashAndCashEquivalents": 9188000000, "accountsReceivables": 0, "totalCurrentAssets": 22481000000, "Fiscal Date": "Q2 2021", "report_date": "2021-07-02", "current_ratio": 1.4694424472187724, "quick_ratio": 0.73926400418328, "Company": "KO"}, {"otherCurrentAssets": 2225000000, "totalCurrentLiabilities": 16486000000, "inventory": 3356000000, "cashAndCashEquivalents": 8484000000, "accountsReceivables": 0, "totalCurrentAssets": 21932000000, "Fiscal Date": "Q1 2021", "report_date": "2021-04-02", "current_ratio": 1.3303408953051075, "quick_ratio": 0.6495814630595657, "Company": "KO"}, {"otherCurrentAssets": 1916000000, "totalCurrentLiabilities": 14601000000, "inventory": 3266000000, "cashAndCashEquivalents": 6795000000, "accountsReceivables": 882000000, "totalCurrentAssets": 19240000000, "Fiscal Date": "Q4 2020", "report_date": "2020-12-31", "current_ratio": 1.317717964522978, "quick_ratio": 0.6570097938497363, "Company": "KO"}, {"otherCurrentAssets": 2191000000, "totalCurrentLiabilities": 26891000000, "inventory": 3264000000, "cashAndCashEquivalents": 11385000000, "accountsReceivables": 0, "totalCurrentAssets": 30410000000, "Fiscal Date": "Q3 2020", "report_date": "2020-09-25", "current_ratio": 1.1308616265665092, "quick_ratio": 0.5048529247703692, "Company": "KO"}, {"otherCurrentAssets": 2205000000, "totalCurrentLiabilities": 26848000000, "inventory": 3501000000, "cashAndCashEquivalents": 10037000000, "accountsReceivables": 0, "totalCurrentAssets": 29371000000, "Fiscal Date": "Q2 2020", "report_date": "2020-06-26", "current_ratio": 1.0939734803337307, "quick_ratio": 0.45597437425506554, "Company": "KO"}, {"otherCurrentAssets": 2580000000, "totalCurrentLiabilities": 32397000000, "inventory": 3558000000, "cashAndCashEquivalents": 13561000000, "accountsReceivables": 0, "totalCurrentAssets": 28234000000, "Fiscal Date": "Q1 2020", "report_date": "2020-03-27", "current_ratio": 0.871500447572306, "quick_ratio": 0.4982251443034849, "Company": "KO"}], "PG": [{"otherCurrentAssets": 1736000000, "totalCurrentLiabilities": 35950000000, "inventory": 7151000000, "cashAndCashEquivalents": 7890000000, "totalCurrentAssets": 23111000000, "netReceivables": 6334000000, "Fiscal Date": "Q2 2024", "report_date": "2023-12-31", "Company": "PG"}, {"otherCurrentAssets": 1875000000, "totalCurrentLiabilities": 37158000000, "inventory": 7117000000, "cashAndCashEquivalents": 9733000000, "totalCurrentAssets": 24940000000, "netReceivables": 6215000000, "Fiscal Date": "Q1 2024", "report_date": "2023-09-30", "Company": "PG"}, {"otherCurrentAssets": 1858000000, "totalCurrentLiabilities": 35756000000, "inventory": 7073000000, "cashAndCashEquivalents": 8246000000, "totalCurrentAssets": 22648000000, "netReceivables": 5471000000, "Fiscal Date": "Q4 2023", "report_date": "2023-06-30", "Company": "PG"}, {"otherCurrentAssets": 1755000000, "totalCurrentLiabilities": 38030000000, "inventory": 7483000000, "cashAndCashEquivalents": 7596000000, "totalCurrentAssets": 22305000000, "netReceivables": 5471000000, "Fiscal Date": "Q3 2023", "report_date": "2023-03-31", "Company": "PG"}, {"otherCurrentAssets": 1704000000, "totalCurrentLiabilities": 38746000000, "inventory": 7541000000, "cashAndCashEquivalents": 6854000000, "totalCurrentAssets": 21866000000, "netReceivables": 5767000000, "Fiscal Date": "Q2 2023", "report_date": "2022-12-31", "Company": "PG"}, {"otherCurrentAssets": 2501000000, "totalCurrentLiabilities": 36618000000, "inventory": 7590000000, "cashAndCashEquivalents": 6710000000, "totalCurrentAssets": 22521000000, "netReceivables": 5720000000, "Fiscal Date": "Q1 2023", "report_date": "2022-09-30", "Company": "PG"}, {"otherCurrentAssets": 2372000000, "totalCurrentLiabilities": 33081000000, "inventory": 6924000000, "cashAndCashEquivalents": 7214000000, "totalCurrentAssets": 21653000000, "netReceivables": 5143000000, "Fiscal Date": "Q4 2022", "report_date": "2022-06-30", "Company": "PG"}, {"otherCurrentAssets": 2276000000, "totalCurrentLiabilities": 34401000000, "inventory": 7101000000, "cashAndCashEquivalents": 8526000000, "totalCurrentAssets": 23416000000, "netReceivables": 5513000000, "Fiscal Date": "Q3 2022", "report_date": "2022-03-31", "Company": "PG"}, {"otherCurrentAssets": 2087000000, "totalCurrentLiabilities": 38027000000, "inventory": 6673000000, "cashAndCashEquivalents": 11544000000, "totalCurrentAssets": 25545000000, "netReceivables": 5241000000, "Fiscal Date": "Q2 2022", "report_date": "2021-12-31", "Company": "PG"}, {"otherCurrentAssets": 1997000000, "totalCurrentLiabilities": 36589000000, "inventory": 6307000000, "cashAndCashEquivalents": 10370000000, "totalCurrentAssets": 24336000000, "netReceivables": 5662000000, "Fiscal Date": "Q1 2022", "report_date": "2021-09-30", "Company": "PG"}, {"otherCurrentAssets": 2095000000, "totalCurrentLiabilities": 33132000000, "inventory": 5983000000, "cashAndCashEquivalents": 10288000000, "totalCurrentAssets": 23091000000, "netReceivables": 4725000000, "Fiscal Date": "Q4 2021", "report_date": "2021-06-30", "Company": "PG"}, {"otherCurrentAssets": 1738000000, "totalCurrentLiabilities": 32016000000, "inventory": 6002000000, "cashAndCashEquivalents": 10007000000, "totalCurrentAssets": 22608000000, "netReceivables": 4861000000, "Fiscal Date": "Q3 2021", "report_date": "2021-03-31", "Company": "PG"}, {"otherCurrentAssets": 1938000000, "totalCurrentLiabilities": 31744000000, "inventory": 5957000000, "cashAndCashEquivalents": 11941000000, "totalCurrentAssets": 24655000000, "netReceivables": 4819000000, "Fiscal Date": "Q2 2021", "report_date": "2020-12-31", "Company": "PG"}, {"otherCurrentAssets": 1884000000, "totalCurrentLiabilities": 30008000000, "inventory": 5707000000, "cashAndCashEquivalents": 13392000000, "totalCurrentAssets": 26026000000, "netReceivables": 5043000000, "Fiscal Date": "Q1 2021", "report_date": "2020-09-30", "Company": "PG"}, {"otherCurrentAssets": 2130000000, "totalCurrentLiabilities": 32976000000, "inventory": 5498000000, "cashAndCashEquivalents": 16181000000, "totalCurrentAssets": 27987000000, "netReceivables": 4178000000, "Fiscal Date": "Q4 2020", "report_date": "2020-06-30", "Company": "PG"}, {"otherCurrentAssets": 1777000000, "totalCurrentLiabilities": 32896000000, "inventory": 5330000000, "cashAndCashEquivalents": 15393000000, "totalCurrentAssets": 27140000000, "netReceivables": 4640000000, "Fiscal Date": "Q3 2020", "report_date": "2020-03-31", "Company": "PG"}], "MCD": [{"inventory": 47600000, "totalCurrentAssets": 6850000000, "totalCurrentLiabilities": 4002700000, "Fiscal Date": "Q4 2023", "report_date": "2023-12-31", "current_ratio": 1.7113448422314936, "quick_assets": 6802400000, "quick_ratio": 1.6994528693132136, "Company": "MCD"}, {"inventory": 52400000, "totalCurrentAssets": 4945400000, "totalCurrentLiabilities": 3673700000, "Fiscal Date": "Q3 2023", "report_date": "2023-09-30", "current_ratio": 1.3461632686392466, "quick_assets": 4893000000, "quick_ratio": 1.3318997196287121, "Company": "MCD"}, {"inventory": 51500000, "totalCurrentAssets": 6798700000, "totalCurrentLiabilities": 4624700000, "Fiscal Date": "Q2 2023", "report_date": "2023-06-30", "current_ratio": 1.470084546024607, "quick_assets": 6747200000, "quick_ratio": 1.4589486885635825, "Company": "MCD"}, {"inventory": 52000000, "totalCurrentAssets": 5424200000, "totalCurrentLiabilities": 3802100000, "Fiscal Date": "Q1 2023", "report_date": "2023-03-31", "current_ratio": 1.426632650377423, "quick_assets": 5372200000, "quick_ratio": 1.4129559980011046, "Company": "MCD"}, {"inventory": 43400000, "totalCurrentAssets": 5740800000, "totalCurrentLiabilities": 3486100000, "Fiscal Date": "Q4 2022", "report_date": "2022-12-31", "current_ratio": 1.6467685952783913, "quick_assets": 5697400000, "quick_ratio": 1.6343191532084564, "Company": "MCD"}, {"inventory": 43300000, "totalCurrentAssets": 4919300000, "totalCurrentLiabilities": 3480100000, "Fiscal Date": "Q3 2022", "report_date": "2022-09-30", "current_ratio": 1.4135513347317605, "quick_assets": 4876000000, "quick_ratio": 1.4011091635297837, "Company": "MCD"}, {"inventory": 49600000, "totalCurrentAssets": 4656400000, "totalCurrentLiabilities": 4234600000, "Fiscal Date": "Q2 2022", "report_date": "2022-06-30", "current_ratio": 1.0996079913096868, "quick_assets": 4606800000, "quick_ratio": 1.087894960562981, "Company": "MCD"}, {"inventory": 55600000, "totalCurrentAssets": 7148500000, "totalCurrentLiabilities": 4020000000, "Fiscal Date": "Q1 2022", "report_date": "2022-03-31", "current_ratio": 1.7782338308457712, "quick_assets": 7092900000, "quick_ratio": 1.7644029850746268, "Company": "MCD"}, {"inventory": 50100000, "totalCurrentAssets": 6795900000, "totalCurrentLiabilities": 5095600000, "Fiscal Date": "Q4 2021", "report_date": "2021-12-31", "current_ratio": 1.3336800376795668, "quick_assets": 6745800000, "quick_ratio": 1.3238480257477039, "Company": "MCD"}, {"inventory": 47800000, "totalCurrentAssets": 5701200000, "totalCurrentLiabilities": 3934800000, "Fiscal Date": "Q3 2021", "report_date": "2021-09-30", "current_ratio": 1.4489173528514792, "quick_assets": 5653400000, "quick_ratio": 1.43676934024601, "Company": "MCD"}, {"inventory": 45300000, "totalCurrentAssets": 5467900000, "totalCurrentLiabilities": 4579800000, "Fiscal Date": "Q2 2021", "report_date": "2021-06-30", "current_ratio": 1.1939167649242326, "quick_assets": 5422600000, "quick_ratio": 1.1840255032970872, "Company": "MCD"}, {"inventory": 51100000, "totalCurrentAssets": 6243200000, "totalCurrentLiabilities": 6181200000, "Fiscal Date": "Q1 2021", "report_date": "2021-03-31", "current_ratio": 1.0100304148061865, "quick_assets": 6192100000, "quick_ratio": 1.0017634116352812, "Company": "MCD"}, {"inventory": 44200000, "totalCurrentAssets": 6736100000, "totalCurrentLiabilities": 6280200000, "Fiscal Date": "Q4 2020", "report_date": "2020-12-31", "current_ratio": 1.0725932295149836, "quick_assets": 6691900000, "quick_ratio": 1.06555523709436, "Company": "MCD"}, {"inventory": 42600000, "totalCurrentAssets": 6609400000, "totalCurrentLiabilities": 7246100000, "Fiscal Date": "Q3 2020", "report_date": "2020-09-30", "current_ratio": 0.9121320434440595, "quick_assets": 6566800000, "quick_ratio": 0.9062530188653206, "Company": "MCD"}, {"inventory": 39100000, "totalCurrentAssets": 7556900000, "totalCurrentLiabilities": 3987800000, "Fiscal Date": "Q2 2020", "report_date": "2020-06-30", "current_ratio": 1.895004764531822, "quick_assets": 7517800000, "quick_ratio": 1.8851998595716937, "Company": "MCD"}, {"inventory": 50200000, "totalCurrentAssets": 3557900000, "totalCurrentLiabilities": 3621000000, "Fiscal Date": "Q1 2020", "report_date": "2020-03-31", "current_ratio": 0.9825738746202707, "quick_assets": 3507700000, "quick_ratio": 0.9687103010218172, "Company": "MCD"}]}}, {"OriginalQuery": "Compare the return on equity (ROE) for financial firms like JPMorgan Chase (JPM), Goldman Sachs (GS), and American Express (AXP) over the last eight quarters. How does ROE performance differ among these companies, and what factors contribute to any disparity?", "ProcessedQueries": ["Compare the return on equity (ROE) for JPMorgan Chase (JPM) over the last eight quarters. How does ROE performance differ, and what factors contribute to any disparity?", "Compare the return on equity (ROE) for Goldman Sachs (GS) over the last eight quarters. How does ROE performance differ, and what factors contribute to any disparity?", "Compare the return on equity (ROE) for American Express (AXP) over the last eight quarters. How does ROE performance differ, and what factors contribute to any disparity?"], "Results": {"JPM": [{"totalEquity": 345836000000, "netIncome": 12898000000, "Fiscal Date": "Q3 2024", "report_date": "2024-09-30", "return_on_equity": 0.03729513410980927, "Company": "JPM"}, {"totalEquity": 340552000000, "netIncome": 18149000000, "Fiscal Date": "Q2 2024", "report_date": "2024-06-30", "return_on_equity": 0.0532928891916653, "Company": "JPM"}, {"totalEquity": 336637000000, "netIncome": 13419000000, "Fiscal Date": "Q1 2024", "report_date": "2024-03-31", "return_on_equity": 0.03986192842735647, "Company": "JPM"}, {"totalEquity": 327878000000, "netIncome": 9307000000, "Fiscal Date": "Q4 2023", "report_date": "2023-12-31", "return_on_equity": 0.028385558042930602, "Company": "JPM"}, {"totalEquity": 317371000000, "netIncome": 13151000000, "Fiscal Date": "Q3 2023", "report_date": "2023-09-30", "return_on_equity": 0.041437308386714604, "Company": "JPM"}, {"totalEquity": 312516000000, "netIncome": 14472000000, "Fiscal Date": "Q2 2023", "report_date": "2023-06-30", "return_on_equity": 0.04630802902891372, "Company": "JPM"}, {"totalEquity": 303082000000, "netIncome": 12622000000, "Fiscal Date": "Q1 2023", "report_date": "2023-03-31", "return_on_equity": 0.04164549527850549, "Company": "JPM"}, {"totalEquity": 292332000000, "netIncome": 11008000000, "Fiscal Date": "Q4 2022", "report_date": "2022-12-31", "return_on_equity": 0.03765581599003872, "Company": "JPM"}], "GS": [{"totalStockholdersEquity": 119463000000, "netIncome": 3043000000, "Calendar Date": "2024-06-30", "report_date": "Q2 2024", "return_on_equity": 0.025472321974167735, "roe_change": -0.27, "Company": "GS"}, {"totalStockholdersEquity": 118546000000, "netIncome": 4132000000, "Calendar Date": "2024-03-31", "report_date": "Q1 2024", "return_on_equity": 0.034855667842019135, "roe_change": 1.03, "Company": "GS"}, {"totalStockholdersEquity": 116905000000, "netIncome": 2008000000, "Calendar Date": "2023-12-31", "report_date": "Q4 2023", "return_on_equity": 0.017176339763055472, "roe_change": -0.02, "Company": "GS"}, {"totalStockholdersEquity": 117000000000, "netIncome": 2058000000, "Calendar Date": "2023-09-30", "report_date": "Q3 2023", "return_on_equity": 0.01758974358974359, "roe_change": 0.68, "Company": "GS"}, {"totalStockholdersEquity": 116000000000, "netIncome": 1216000000, "Calendar Date": "2023-06-30", "report_date": "Q2 2023", "return_on_equity": 0.010482758620689656, "roe_change": -0.62, "Company": "GS"}, {"totalStockholdersEquity": 117000000000, "netIncome": 3234000000, "Calendar Date": "2023-03-31", "report_date": "Q1 2023", "return_on_equity": 0.027641025641025642, "roe_change": 1.44, "Company": "GS"}, {"totalStockholdersEquity": 117000000000, "netIncome": 1326000000, "Calendar Date": "2022-12-31", "report_date": "Q4 2022", "return_on_equity": 0.011333333333333334, "roe_change": -0.54, "Company": "GS"}, {"totalStockholdersEquity": 119000000000, "netIncome": 2962000000, "Calendar Date": "2022-09-30", "report_date": "Q3 2022", "return_on_equity": 0.024890756302521008, "roe_change": NaN, "Company": "GS"}], "AXP": [{"totalStockholdersEquity": 29540000000, "netIncome": 3015000000, "Calendar Date": "2024-06-30", "report_date": "Q2 2024", "return_on_equity": 0.10206499661475965, "Company": "AXP"}, {"totalStockholdersEquity": 28764000000, "netIncome": 2437000000, "Calendar Date": "2024-03-31", "report_date": "Q1 2024", "return_on_equity": 0.08472396050618829, "Company": "AXP"}, {"totalStockholdersEquity": 28057000000, "netIncome": 1933000000, "Calendar Date": "2023-12-31", "report_date": "Q4 2023", "return_on_equity": 0.06889546280785544, "Company": "AXP"}, {"totalStockholdersEquity": 27324000000, "netIncome": 2451000000, "Calendar Date": "2023-09-30", "report_date": "Q3 2023", "return_on_equity": 0.08970136144049187, "Company": "AXP"}, {"totalStockholdersEquity": 27000000000, "netIncome": 2174000000, "Calendar Date": "2023-06-30", "report_date": "Q2 2023", "return_on_equity": 0.08051851851851852, "Company": "AXP"}, {"totalStockholdersEquity": 26000000000, "netIncome": 1816000000, "Calendar Date": "2023-03-31", "report_date": "Q1 2023", "return_on_equity": 0.06984615384615385, "Company": "AXP"}, {"totalStockholdersEquity": 25000000000, "netIncome": 1572000000, "Calendar Date": "2022-12-31", "report_date": "Q4 2022", "return_on_equity": 0.06288, "Company": "AXP"}, {"totalStockholdersEquity": 24000000000, "netIncome": 1851000000, "Calendar Date": "2022-09-30", "report_date": "Q3 2022", "return_on_equity": 0.077125, "Company": "AXP"}]}}, {"OriginalQuery": "Calculate the debt-to-equity ratios for industrial companies like Boeing (BA), Caterpillar (CAT), and 3M (MMM) over the last five years. Discuss how these ratios reflect each company's financial leverage.", "ProcessedQueries": ["Calculate the debt-to-equity ratios for Boeing (BA) over the last five years. Discuss how these ratios reflect the company's financial leverage.", "Calculate the debt-to-equity ratios for Caterpillar (CAT) over the last five years. Discuss how these ratios reflect the company's financial leverage.", "Calculate the debt-to-equity ratios for 3M (MMM) over the last five years. Discuss how these ratios reflect the company's financial leverage."], "Results": {"BA": [{"totalStockholdersEquity": -17233000000, "totalDebt": 52603000000, "Fiscal Date": "Q4 2023", "report_date": "2023-12-31", "debt_to_equity_ratio": -3.05245749434225, "Company": "BA"}, {"totalStockholdersEquity": -16729000000, "totalDebt": 52272000000, "Fiscal Date": "Q3 2023", "report_date": "2023-09-30", "debt_to_equity_ratio": -3.1246338693287106, "Company": "BA"}, {"totalStockholdersEquity": -15517000000, "totalDebt": 52268000000, "Fiscal Date": "Q2 2023", "report_date": "2023-06-30", "debt_to_equity_ratio": -3.3684346200940904, "Company": "BA"}, {"totalStockholdersEquity": -15508000000, "totalDebt": 55391000000, "Fiscal Date": "Q1 2023", "report_date": "2023-03-31", "debt_to_equity_ratio": -3.5717694093371164, "Company": "BA"}, {"totalStockholdersEquity": -15883000000, "totalDebt": 57001000000, "Fiscal Date": "Q4 2022", "report_date": "2022-12-31", "debt_to_equity_ratio": -3.588805641251653, "Company": "BA"}, {"totalStockholdersEquity": -17699000000, "totalDebt": 57219000000, "Fiscal Date": "Q3 2022", "report_date": "2022-09-30", "debt_to_equity_ratio": -3.23289451381434, "Company": "BA"}, {"totalStockholdersEquity": -14888000000, "totalDebt": 57200000000, "Fiscal Date": "Q2 2022", "report_date": "2022-06-30", "debt_to_equity_ratio": -3.8420204191295, "Company": "BA"}, {"totalStockholdersEquity": -15398000000, "totalDebt": 57741000000, "Fiscal Date": "Q1 2022", "report_date": "2022-03-31", "debt_to_equity_ratio": -3.7499025847512666, "Company": "BA"}, {"totalStockholdersEquity": -14999000000, "totalDebt": 58370000000, "Fiscal Date": "Q4 2021", "report_date": "2021-12-31", "debt_to_equity_ratio": -3.8915927728515234, "Company": "BA"}, {"totalStockholdersEquity": -14440000000, "totalDebt": 62419000000, "Fiscal Date": "Q3 2021", "report_date": "2021-09-30", "debt_to_equity_ratio": -4.322645429362881, "Company": "BA"}, {"totalStockholdersEquity": -16682000000, "totalDebt": 63559000000, "Fiscal Date": "Q2 2021", "report_date": "2021-06-30", "debt_to_equity_ratio": -3.8100347680134274, "Company": "BA"}, {"totalStockholdersEquity": -18058000000, "totalDebt": 63575000000, "Fiscal Date": "Q1 2021", "report_date": "2021-03-31", "debt_to_equity_ratio": -3.5206002879610145, "Company": "BA"}, {"totalStockholdersEquity": -18316000000, "totalDebt": 63583000000, "Fiscal Date": "Q4 2020", "report_date": "2020-12-31", "debt_to_equity_ratio": -3.4714457305088446, "Company": "BA"}, {"totalStockholdersEquity": -11821000000, "totalDebt": 60959000000, "Fiscal Date": "Q3 2020", "report_date": "2020-09-30", "debt_to_equity_ratio": -5.156839522883005, "Company": "BA"}, {"totalStockholdersEquity": -11667000000, "totalDebt": 61379000000, "Fiscal Date": "Q2 2020", "report_date": "2020-06-30", "debt_to_equity_ratio": -5.2609068312333935, "Company": "BA"}, {"totalStockholdersEquity": -9665000000, "totalDebt": 38927000000, "Fiscal Date": "Q1 2020", "report_date": "2020-03-31", "debt_to_equity_ratio": -4.027625452664252, "Company": "BA"}, {"totalStockholdersEquity": -8617000000, "totalDebt": 27144000000, "Fiscal Date": "Q4 2019", "report_date": "2019-12-31", "debt_to_equity_ratio": -3.1500522223511664, "Company": "BA"}, {"totalStockholdersEquity": -4116000000, "totalDebt": 24652000000, "Fiscal Date": "Q3 2019", "report_date": "2019-09-30", "debt_to_equity_ratio": -5.989310009718173, "Company": "BA"}, {"totalStockholdersEquity": -5322000000, "totalDebt": 19216000000, "Fiscal Date": "Q2 2019", "report_date": "2019-06-30", "debt_to_equity_ratio": -3.610672679443818, "Company": "BA"}, {"totalStockholdersEquity": 125000000, "totalDebt": 14744000000, "Fiscal Date": "Q1 2019", "report_date": "2019-03-31", "debt_to_equity_ratio": 117.952, "Company": "BA"}], "CAT": [{"totalStockholdersEquity": 19397000000, "totalDebt": 37901000000, "Fiscal Date": "Q3 2024", "report_date": "2024-09-30", "debt_to_equity_ratio": 1.9539619528793113, "Company": "CAT"}, {"totalStockholdersEquity": 17130000000, "totalDebt": 37311000000, "Fiscal Date": "Q2 2024", "report_date": "2024-06-30", "debt_to_equity_ratio": 2.178108581436077, "Company": "CAT"}, {"totalStockholdersEquity": 17639000000, "totalDebt": 37853000000, "Fiscal Date": "Q1 2024", "report_date": "2024-03-31", "debt_to_equity_ratio": 2.1459833323884574, "Company": "CAT"}, {"totalStockholdersEquity": 19494000000, "totalDebt": 38452000000, "Fiscal Date": "Q4 2023", "report_date": "2023-12-31", "debt_to_equity_ratio": 1.9725043603159946, "Company": "CAT"}, {"totalStockholdersEquity": 20489000000, "totalDebt": 37139000000, "Fiscal Date": "Q3 2023", "report_date": "2023-09-30", "debt_to_equity_ratio": 1.8126311679437748, "Company": "CAT"}, {"totalStockholdersEquity": 18235000000, "totalDebt": 37699000000, "Fiscal Date": "Q2 2023", "report_date": "2023-06-30", "debt_to_equity_ratio": 2.067397861255827, "Company": "CAT"}, {"totalStockholdersEquity": 18149000000, "totalDebt": 37038000000, "Fiscal Date": "Q1 2023", "report_date": "2023-03-31", "debt_to_equity_ratio": 2.0407735963413964, "Company": "CAT"}, {"totalStockholdersEquity": 15869000000, "totalDebt": 36993000000, "Fiscal Date": "Q4 2022", "report_date": "2022-12-31", "debt_to_equity_ratio": 2.3311487806415023, "Company": "CAT"}, {"totalStockholdersEquity": 15591000000, "totalDebt": 36525000000, "Fiscal Date": "Q3 2022", "report_date": "2022-09-30", "debt_to_equity_ratio": 2.342697710217433, "Company": "CAT"}, {"totalStockholdersEquity": 15727000000, "totalDebt": 36962000000, "Fiscal Date": "Q2 2022", "report_date": "2022-06-30", "debt_to_equity_ratio": 2.3502257264576842, "Company": "CAT"}, {"totalStockholdersEquity": 17065000000, "totalDebt": 37584000000, "Fiscal Date": "Q1 2022", "report_date": "2022-03-31", "debt_to_equity_ratio": 2.2024025783767947, "Company": "CAT"}, {"totalStockholdersEquity": 16484000000, "totalDebt": 37789000000, "Fiscal Date": "Q4 2021", "report_date": "2021-12-31", "debt_to_equity_ratio": 2.2924654210143167, "Company": "CAT"}, {"totalStockholdersEquity": 16665000000, "totalDebt": 36784000000, "Fiscal Date": "Q3 2021", "report_date": "2021-09-30", "debt_to_equity_ratio": 2.207260726072607, "Company": "CAT"}, {"totalStockholdersEquity": 16833000000, "totalDebt": 37585000000, "Fiscal Date": "Q2 2021", "report_date": "2021-06-30", "debt_to_equity_ratio": 2.2328164914156714, "Company": "CAT"}, {"totalStockholdersEquity": 16573000000, "totalDebt": 38180000000, "Fiscal Date": "Q1 2021", "report_date": "2021-03-31", "debt_to_equity_ratio": 2.3037470584685935, "Company": "CAT"}, {"totalStockholdersEquity": 15331000000, "totalDebt": 37163000000, "Fiscal Date": "Q4 2020", "report_date": "2020-12-31", "debt_to_equity_ratio": 2.4240427891200835, "Company": "CAT"}, {"totalStockholdersEquity": 14949000000, "totalDebt": 38126000000, "Fiscal Date": "Q3 2020", "report_date": "2020-09-30", "debt_to_equity_ratio": 2.5504047093451065, "Company": "CAT"}, {"totalStockholdersEquity": 13734000000, "totalDebt": 38622000000, "Fiscal Date": "Q2 2020", "report_date": "2020-06-30", "debt_to_equity_ratio": 2.8121450415028395, "Company": "CAT"}, {"totalStockholdersEquity": 14197000000, "totalDebt": 37093000000, "Fiscal Date": "Q1 2020", "report_date": "2020-03-31", "debt_to_equity_ratio": 2.6127350848770865, "Company": "CAT"}], "MMM": [{"totalEquity": 4694000000, "totalLiabilities": 36181000000, "Fiscal Date": "Q3 2024", "report_date": "2024-09-30", "debt_to_equity_ratio": 7.707925010651896, "Company": "MMM"}, {"totalEquity": 4790000000, "totalLiabilities": 44890000000, "Fiscal Date": "Q3 2023", "report_date": "2023-09-30", "debt_to_equity_ratio": 9.37160751565762, "Company": "MMM"}, {"totalEquity": 14156000000, "totalLiabilities": 32020000000, "Fiscal Date": "Q3 2022", "report_date": "2022-09-30", "debt_to_equity_ratio": 2.2619384006781575, "Company": "MMM"}, {"totalEquity": 14600000000, "totalLiabilities": 33748000000, "Fiscal Date": "Q3 2021", "report_date": "2021-09-30", "debt_to_equity_ratio": 2.3115068493150686, "Company": "MMM"}, {"totalEquity": 12006000000, "totalLiabilities": 33447000000, "Fiscal Date": "Q3 2020", "report_date": "2020-09-30", "debt_to_equity_ratio": 2.785857071464268, "Company": "MMM"}]}}, {"OriginalQuery": "Analyze the revenue growth rate and operating margin growth for technology companies such as Apple (AAPL), Microsoft (MSFT), and Intel (INTC) from 2018 to 2023. How do their financial performances compare over this period?", "ProcessedQueries": ["Analyze the revenue growth rate and operating margin growth for Apple (AAPL) from 2018 to 2023. How does the financial performance compare over this period?", "Analyze the revenue growth rate and operating margin growth for Microsoft (MSFT) from 2018 to 2023. How does the financial performance compare over this period?", "Analyze the revenue growth rate and operating margin growth for Intel (INTC) from 2018 to 2023. How does the financial performance compare over this period?"], "Results": {"AAPL": [{"operatingIncome": 40373000000, "revenue": 119575000000, "Fiscal Date": "Q1 2024", "report_date": "2023-12-30", "revenue_growth_rate": 0.34, "operating_margin": 0.337637466025507, "operating_margin_growth": 0.12, "Company": "AAPL"}, {"operatingIncome": 26969000000, "revenue": 89498000000, "Fiscal Date": "Q4 2023", "report_date": "2023-09-30", "revenue_growth_rate": 0.09, "operating_margin": 0.30133634271156895, "operating_margin_growth": 0.07, "Company": "AAPL"}, {"operatingIncome": 22998000000, "revenue": 81797000000, "Fiscal Date": "Q3 2023", "report_date": "2023-07-01", "revenue_growth_rate": -0.14, "operating_margin": 0.2811594557257601, "operating_margin_growth": -0.06, "Company": "AAPL"}, {"operatingIncome": 28318000000, "revenue": 94836000000, "Fiscal Date": "Q2 2023", "report_date": "2023-04-01", "revenue_growth_rate": -0.19, "operating_margin": 0.2985996878822388, "operating_margin_growth": -0.03, "Company": "AAPL"}, {"operatingIncome": 36016000000, "revenue": 117154000000, "Fiscal Date": "Q1 2023", "report_date": "2022-12-31", "revenue_growth_rate": 0.3, "operating_margin": 0.30742441572630896, "operating_margin_growth": 0.11, "Company": "AAPL"}, {"operatingIncome": 24894000000, "revenue": 90146000000, "Fiscal Date": "Q4 2022", "report_date": "2022-09-24", "revenue_growth_rate": 0.09, "operating_margin": 0.27615202005635303, "operating_margin_growth": -0.01, "Company": "AAPL"}, {"operatingIncome": 23076000000, "revenue": 82959000000, "Fiscal Date": "Q3 2022", "report_date": "2022-06-25", "revenue_growth_rate": -0.15, "operating_margin": 0.2781615014645789, "operating_margin_growth": -0.1, "Company": "AAPL"}, {"operatingIncome": 29979000000, "revenue": 97278000000, "Fiscal Date": "Q2 2022", "report_date": "2022-03-26", "revenue_growth_rate": -0.22, "operating_margin": 0.30817862209338187, "operating_margin_growth": -0.08, "Company": "AAPL"}, {"operatingIncome": 41488000000, "revenue": 123945000000, "Fiscal Date": "Q1 2022", "report_date": "2021-12-25", "revenue_growth_rate": 0.49, "operating_margin": 0.3347291137197951, "operating_margin_growth": 0.17, "Company": "AAPL"}, {"operatingIncome": 23786000000, "revenue": 83360000000, "Fiscal Date": "Q4 2021", "report_date": "2021-09-25", "revenue_growth_rate": 0.02, "operating_margin": 0.28534069097888676, "operating_margin_growth": -0.04, "Company": "AAPL"}, {"operatingIncome": 24126000000, "revenue": 81434000000, "Fiscal Date": "Q3 2021", "report_date": "2021-06-26", "revenue_growth_rate": -0.09, "operating_margin": 0.296264459562345, "operating_margin_growth": -0.03, "Company": "AAPL"}, {"operatingIncome": 27503000000, "revenue": 89584000000, "Fiscal Date": "Q2 2021", "report_date": "2021-03-27", "revenue_growth_rate": -0.2, "operating_margin": 0.30700794784783, "operating_margin_growth": 0.02, "Company": "AAPL"}, {"operatingIncome": 33534000000, "revenue": 111439000000, "Fiscal Date": "Q1 2021", "report_date": "2020-12-26", "revenue_growth_rate": 0.72, "operating_margin": 0.30091799100853384, "operating_margin_growth": 0.32, "Company": "AAPL"}, {"operatingIncome": 14775000000, "revenue": 64698000000, "Fiscal Date": "Q4 2020", "report_date": "2020-09-26", "revenue_growth_rate": 0.08, "operating_margin": 0.2283687285542057, "operating_margin_growth": 0.04, "Company": "AAPL"}, {"operatingIncome": 13091000000, "revenue": 59685000000, "Fiscal Date": "Q3 2020", "report_date": "2020-06-27", "revenue_growth_rate": 0.02, "operating_margin": 0.21933484124989527, "operating_margin_growth": -0.0, "Company": "AAPL"}, {"operatingIncome": 12853000000, "revenue": 58313000000, "Fiscal Date": "Q2 2020", "report_date": "2020-03-28", "revenue_growth_rate": -0.36, "operating_margin": 0.22041397287054346, "operating_margin_growth": -0.21, "Company": "AAPL"}, {"operatingIncome": 25569000000, "revenue": 91819000000, "Fiscal Date": "Q1 2020", "report_date": "2019-12-28", "revenue_growth_rate": 0.43, "operating_margin": 0.2784717759940753, "operating_margin_growth": 0.14, "Company": "AAPL"}, {"operatingIncome": 15625000000, "revenue": 64040000000, "Fiscal Date": "Q4 2019", "report_date": "2019-09-28", "revenue_growth_rate": 0.19, "operating_margin": 0.2439881324172392, "operating_margin_growth": 0.11, "Company": "AAPL"}, {"operatingIncome": 11868000000, "revenue": 53809000000, "Fiscal Date": "Q3 2019", "report_date": "2019-06-29", "revenue_growth_rate": -0.07, "operating_margin": 0.22055789923618727, "operating_margin_growth": -0.05, "Company": "AAPL"}, {"operatingIncome": 13415000000, "revenue": 58015000000, "Fiscal Date": "Q2 2019", "report_date": "2019-03-30", "revenue_growth_rate": -0.31, "operating_margin": 0.2312333017323106, "operating_margin_growth": -0.16, "Company": "AAPL"}, {"operatingIncome": 23346000000, "revenue": 84310000000, "Fiscal Date": "Q1 2019", "report_date": "2018-12-29", "revenue_growth_rate": 0.34, "operating_margin": 0.27690665401494485, "operating_margin_growth": 0.08, "Company": "AAPL"}, {"operatingIncome": 16118000000, "revenue": 62900000000, "Fiscal Date": "Q4 2018", "report_date": "2018-09-29", "revenue_growth_rate": 0.18, "operating_margin": 0.256248012718601, "operating_margin_growth": 0.08, "Company": "AAPL"}, {"operatingIncome": 12612000000, "revenue": 53265000000, "Fiscal Date": "Q3 2018", "report_date": "2018-06-30", "revenue_growth_rate": -0.13, "operating_margin": 0.23677837228949591, "operating_margin_growth": -0.09, "Company": "AAPL"}, {"operatingIncome": 15894000000, "revenue": 61137000000, "Fiscal Date": "Q2 2018", "report_date": "2018-03-31", "revenue_growth_rate": NaN, "operating_margin": 0.2599735021345503, "operating_margin_growth": NaN, "Company": "AAPL"}], "MSFT": [{"operatingIncomeRatio": 0.4358594002, "operatingIncome": 27032000000, "revenue": 62020000000, "Fiscal Date": "Q2 2024", "report_date": "2023-12-31", "revenue_growth": 0.18, "operating_margin_growth": 0.13, "Company": "MSFT"}, {"operatingIncomeRatio": 0.4758745156, "operatingIncome": 26895000000, "revenue": 56517000000, "Fiscal Date": "Q1 2024", "report_date": "2023-09-30", "revenue_growth": 0.13, "operating_margin_growth": 0.11, "Company": "MSFT"}, {"operatingIncomeRatio": 0.431650323, "operatingIncome": 24254000000, "revenue": 56189000000, "Fiscal Date": "Q4 2023", "report_date": "2023-06-30", "revenue_growth": 0.08, "operating_margin_growth": 0.09, "Company": "MSFT"}, {"operatingIncomeRatio": 0.4228768186, "operatingIncome": 22352000000, "revenue": 52857000000, "Fiscal Date": "Q3 2023", "report_date": "2023-03-31", "revenue_growth": 0.07, "operating_margin_growth": 0.03, "Company": "MSFT"}, {"operatingIncomeRatio": 0.3867328948, "operatingIncome": 20399000000, "revenue": 52747000000, "Fiscal Date": "Q2 2023", "report_date": "2022-12-31", "revenue_growth": 0.02, "operating_margin_growth": -0.1, "Company": "MSFT"}, {"operatingIncomeRatio": 0.4293124776, "operatingIncome": 21518000000, "revenue": 50122000000, "Fiscal Date": "Q1 2023", "report_date": "2022-09-30", "revenue_growth": 0.11, "operating_margin_growth": -0.04, "Company": "MSFT"}, {"operatingIncomeRatio": 0.3959124651, "operatingIncome": 20534000000, "revenue": 51865000000, "Fiscal Date": "Q4 2022", "report_date": "2022-06-30", "revenue_growth": 0.12, "operating_margin_growth": -0.04, "Company": "MSFT"}, {"operatingIncomeRatio": 0.412560778, "operatingIncome": 20364000000, "revenue": 49360000000, "Fiscal Date": "Q3 2022", "report_date": "2022-03-31", "revenue_growth": 0.18, "operating_margin_growth": 0.01, "Company": "MSFT"}, {"operatingIncomeRatio": 0.4300765543, "operatingIncome": 22247000000, "revenue": 51728000000, "Fiscal Date": "Q2 2022", "report_date": "2021-12-31", "revenue_growth": 0.2, "operating_margin_growth": 0.04, "Company": "MSFT"}, {"operatingIncomeRatio": 0.4465873734, "operatingIncome": 20238000000, "revenue": 45317000000, "Fiscal Date": "Q1 2022", "report_date": "2021-09-30", "revenue_growth": 0.22, "operating_margin_growth": 0.05, "Company": "MSFT"}, {"operatingIncomeRatio": 0.4137415497, "operatingIncome": 19095000000, "revenue": 46152000000, "Fiscal Date": "Q4 2021", "report_date": "2021-06-30", "revenue_growth": 0.21, "operating_margin_growth": 0.17, "Company": "MSFT"}, {"operatingIncomeRatio": 0.4087661248, "operatingIncome": 17048000000, "revenue": 41706000000, "Fiscal Date": "Q3 2021", "report_date": "2021-03-31", "revenue_growth": 0.19, "operating_margin_growth": 0.1, "Company": "MSFT"}, {"operatingIncomeRatio": 0.4154749745, "operatingIncome": 17897000000, "revenue": 43076000000, "Fiscal Date": "Q2 2021", "report_date": "2020-12-31", "revenue_growth": 0.17, "operating_margin_growth": 0.1, "Company": "MSFT"}, {"operatingIncomeRatio": 0.4273025785, "operatingIncome": 15876000000, "revenue": 37154000000, "Fiscal Date": "Q1 2021", "report_date": "2020-09-30", "revenue_growth": 0.12, "operating_margin_growth": 0.11, "Company": "MSFT"}, {"operatingIncomeRatio": 0.3525096627, "operatingIncome": 13407000000, "revenue": 38033000000, "Fiscal Date": "Q4 2020", "report_date": "2020-06-30", "revenue_growth": 0.13, "operating_margin_growth": -0.04, "Company": "MSFT"}, {"operatingIncomeRatio": 0.3704919905, "operatingIncome": 12975000000, "revenue": 35021000000, "Fiscal Date": "Q3 2020", "report_date": "2020-03-31", "revenue_growth": 0.15, "operating_margin_growth": 0.1, "Company": "MSFT"}, {"operatingIncomeRatio": 0.3763886631, "operatingIncome": 13891000000, "revenue": 36906000000, "Fiscal Date": "Q2 2020", "report_date": "2019-12-31", "revenue_growth": 0.14, "operating_margin_growth": 0.19, "Company": "MSFT"}, {"operatingIncomeRatio": 0.3837846014, "operatingIncome": 12686000000, "revenue": 33055000000, "Fiscal Date": "Q1 2020", "report_date": "2019-09-30", "revenue_growth": 0.14, "operating_margin_growth": 0.12, "Company": "MSFT"}, {"operatingIncomeRatio": 0.367915295, "operatingIncome": 12405000000, "revenue": 33717000000, "Fiscal Date": "Q4 2019", "report_date": "2019-06-30", "revenue_growth": 0.12, "operating_margin_growth": 0.07, "Company": "MSFT"}, {"operatingIncomeRatio": 0.3382617513, "operatingIncome": 10341000000, "revenue": 30571000000, "Fiscal Date": "Q3 2019", "report_date": "2019-03-31", "revenue_growth": 0.14, "operating_margin_growth": 0.09, "Company": "MSFT"}, {"operatingIncomeRatio": 0.3159126605, "operatingIncome": 10258000000, "revenue": 32471000000, "Fiscal Date": "Q2 2019", "report_date": "2018-12-31", "revenue_growth": NaN, "operating_margin_growth": NaN, "Company": "MSFT"}, {"operatingIncomeRatio": 0.3422844175, "operatingIncome": 9955000000, "revenue": 29084000000, "Fiscal Date": "Q1 2019", "report_date": "2018-09-30", "revenue_growth": NaN, "operating_margin_growth": NaN, "Company": "MSFT"}, {"operatingIncomeRatio": 0.3449891973, "operatingIncome": 10379000000, "revenue": 30085000000, "Fiscal Date": "Q4 2018", "report_date": "2018-06-30", "revenue_growth": NaN, "operating_margin_growth": NaN, "Company": "MSFT"}, {"operatingIncomeRatio": 0.3091837876, "operatingIncome": 8292000000, "revenue": 26819000000, "Fiscal Date": "Q3 2018", "report_date": "2018-03-31", "revenue_growth": NaN, "operating_margin_growth": NaN, "Company": "MSFT"}], "INTC": [{"operatingIncomeRatio": 0.1677917694, "operatingIncome": 2585000000, "revenue": 15406000000, "Fiscal Date": "Q4 2023", "report_date": "2023-12-30", "revenue_growth": 0.1, "operating_margin_growth": -3.08, "Company": "INTC"}, {"operatingIncomeRatio": -0.0005650516, "operatingIncome": -8000000, "revenue": 14158000000, "Fiscal Date": "Q3 2023", "report_date": "2023-09-30", "revenue_growth": -0.08, "operating_margin_growth": -0.95, "Company": "INTC"}, {"operatingIncomeRatio": -0.0784616573, "operatingIncome": -1016000000, "revenue": 12949000000, "Fiscal Date": "Q2 2023", "report_date": "2023-07-01", "revenue_growth": -0.15, "operating_margin_growth": 0.72, "Company": "INTC"}, {"operatingIncomeRatio": -0.1253094324, "operatingIncome": -1468000000, "revenue": 11715000000, "Fiscal Date": "Q1 2023", "report_date": "2023-04-01", "revenue_growth": -0.36, "operating_margin_growth": -1.53, "Company": "INTC"}, {"operatingIncomeRatio": -0.080615297, "operatingIncome": -1132000000, "revenue": 14042000000, "Fiscal Date": "Q4 2022", "report_date": "2022-12-31", "revenue_growth": -0.32, "operating_margin_growth": -1.33, "Company": "INTC"}, {"operatingIncomeRatio": -0.011409571, "operatingIncome": -175000000, "revenue": 15338000000, "Fiscal Date": "Q3 2022", "report_date": "2022-10-01", "revenue_growth": -0.2, "operating_margin_growth": -1.04, "Company": "INTC"}, {"operatingIncomeRatio": -0.0456889237, "operatingIncome": -700000000, "revenue": 15321000000, "Fiscal Date": "Q2 2022", "report_date": "2022-07-02", "revenue_growth": -0.22, "operating_margin_growth": -1.16, "Company": "INTC"}, {"operatingIncomeRatio": 0.2365280881, "operatingIncome": 4341000000, "revenue": 18353000000, "Fiscal Date": "Q1 2022", "report_date": "2022-04-02", "revenue_growth": -0.07, "operating_margin_growth": 0.26, "Company": "INTC"}, {"operatingIncomeRatio": 0.2430339049, "operatingIncome": 4989000000, "revenue": 20528000000, "Fiscal Date": "Q4 2021", "report_date": "2021-12-25", "revenue_growth": 0.03, "operating_margin_growth": -0.17, "Company": "INTC"}, {"operatingIncomeRatio": 0.2723530638, "operatingIncome": 5227000000, "revenue": 19192000000, "Fiscal Date": "Q3 2021", "report_date": "2021-09-25", "revenue_growth": 0.05, "operating_margin_growth": -0.01, "Company": "INTC"}, {"operatingIncomeRatio": 0.2825123529, "operatingIncome": 5546000000, "revenue": 19631000000, "Fiscal Date": "Q2 2021", "report_date": "2021-06-26", "revenue_growth": -0.0, "operating_margin_growth": -0.02, "Company": "INTC"}, {"operatingIncomeRatio": 0.1877700402, "operatingIncome": 3694000000, "revenue": 19673000000, "Fiscal Date": "Q1 2021", "report_date": "2021-03-27", "revenue_growth": -0.01, "operating_margin_growth": -0.47, "Company": "INTC"}, {"operatingIncomeRatio": 0.2945239764, "operatingIncome": 5884000000, "revenue": 19978000000, "Fiscal Date": "Q4 2020", "report_date": "2020-12-26", "revenue_growth": -0.01, "operating_margin_growth": -0.12, "Company": "INTC"}, {"operatingIncomeRatio": 0.2759504718, "operatingIncome": 5059000000, "revenue": 18333000000, "Fiscal Date": "Q3 2020", "report_date": "2020-09-26", "revenue_growth": -0.04, "operating_margin_growth": -0.18, "Company": "INTC"}, {"operatingIncomeRatio": 0.2887773723, "operatingIncome": 5697000000, "revenue": 19728000000, "Fiscal Date": "Q2 2020", "report_date": "2020-06-27", "revenue_growth": 0.2, "operating_margin_growth": 0.03, "Company": "INTC"}, {"operatingIncomeRatio": 0.3549525923, "operatingIncome": 7038000000, "revenue": 19828000000, "Fiscal Date": "Q1 2020", "report_date": "2020-03-28", "revenue_growth": 0.23, "operating_margin_growth": 0.37, "Company": "INTC"}, {"operatingIncomeRatio": 0.3363352962, "operatingIncome": 6797000000, "revenue": 20209000000, "Fiscal Date": "Q4 2019", "report_date": "2019-12-28", "revenue_growth": 0.08, "operating_margin_growth": 0.01, "Company": "INTC"}, {"operatingIncomeRatio": 0.3359562272, "operatingIncome": 6447000000, "revenue": 19190000000, "Fiscal Date": "Q3 2019", "report_date": "2019-09-28", "revenue_growth": 0.0, "operating_margin_growth": -0.12, "Company": "INTC"}, {"operatingIncomeRatio": 0.2797334141, "operatingIncome": 4617000000, "revenue": 16505000000, "Fiscal Date": "Q2 2019", "report_date": "2019-06-29", "revenue_growth": -0.03, "operating_margin_growth": -0.1, "Company": "INTC"}, {"operatingIncomeRatio": 0.2598841915, "operatingIncome": 4174000000, "revenue": 16061000000, "Fiscal Date": "Q1 2019", "report_date": "2019-03-30", "revenue_growth": -0.0, "operating_margin_growth": -0.07, "Company": "INTC"}, {"operatingIncomeRatio": 0.3336013293, "operatingIncome": 6224000000, "revenue": 18657000000, "Fiscal Date": "Q4 2018", "report_date": "2018-12-29", "revenue_growth": NaN, "operating_margin_growth": NaN, "Company": "INTC"}, {"operatingIncomeRatio": 0.3834994521, "operatingIncome": 7349000000, "revenue": 19163000000, "Fiscal Date": "Q3 2018", "report_date": "2018-09-29", "revenue_growth": NaN, "operating_margin_growth": NaN, "Company": "INTC"}, {"operatingIncomeRatio": 0.3108713595, "operatingIncome": 5273000000, "revenue": 16962000000, "Fiscal Date": "Q2 2018", "report_date": "2018-06-30", "revenue_growth": NaN, "operating_margin_growth": NaN, "Company": "INTC"}, {"operatingIncomeRatio": 0.2782273123, "operatingIncome": 4470000000, "revenue": 16066000000, "Fiscal Date": "Q1 2018", "report_date": "2018-03-31", "revenue_growth": NaN, "operating_margin_growth": NaN, "Company": "INTC"}]}}, {"OriginalQuery": "Calculate and compare the inventory turnover ratios for Home Depot (HD), Walmart (WMT), and Nike (NKE) over the last four quarters. Identify any trends or anomalies.", "ProcessedQueries": ["Calculate the inventory turnover ratio for Home Depot (HD) over the last four quarters. Identify any trends or anomalies.", "Calculate the inventory turnover ratio for Walmart (WMT) over the last four quarters. Identify any trends or anomalies.", "Calculate the inventory turnover ratio for Nike (NKE) over the last four quarters. Identify any trends or anomalies."], "Results": {"HD": [{"inventory": 23060000000, "costOfRevenue": 29497000000, "Fiscal Date": "Q2 2024", "report_date": "2024-07-28", "inventory_turnover_ratio": 1.2791413703382482, "Company": "HD"}, {"inventory": 22416000000, "costOfRevenue": 24672000000, "Fiscal Date": "Q1 2024", "report_date": "2024-04-28", "inventory_turnover_ratio": 1.100642398286938, "Company": "HD"}, {"inventory": 20976000000, "costOfRevenue": 23278000000, "Fiscal Date": "Q4 2023", "report_date": "2024-01-28", "inventory_turnover_ratio": 1.109744469870328, "Company": "HD"}, {"inventory": 22805000000, "costOfRevenue": 24972000000, "Fiscal Date": "Q3 2023", "report_date": "2023-10-29", "inventory_turnover_ratio": 1.095023021267266, "Company": "HD"}], "WMT": [{"inventory": 55611000000, "costOfRevenue": 126810000000, "Fiscal Date": "Q2 2025", "report_date": "2024-07-31", "inventory_turnover_ratio": 2.2803042563521605, "Company": "WMT"}, {"inventory": 55382000000, "costOfRevenue": 121431000000, "Fiscal Date": "Q1 2025", "report_date": "2024-04-30", "inventory_turnover_ratio": 2.192607706475028, "Company": "WMT"}, {"inventory": 54892000000, "costOfRevenue": 131825000000, "Fiscal Date": "Q4 2024", "report_date": "2024-01-31", "inventory_turnover_ratio": 2.4015339211542663, "Company": "WMT"}, {"inventory": 63951000000, "costOfRevenue": 121183000000, "Fiscal Date": "Q3 2024", "report_date": "2023-10-31", "inventory_turnover_ratio": 1.894935184750825, "Company": "WMT"}], "NKE": [{"inventory": 8253000000, "costOfRevenue": 6332000000, "Fiscal Date": "Q1 2025", "report_date": "2024-08-31", "inventory_turnover_ratio": 0.7672361565491337, "Company": "NKE"}, {"inventory": 7519000000, "costOfRevenue": 6972000000, "Fiscal Date": "Q4 2024", "report_date": "2024-05-31", "inventory_turnover_ratio": 0.9272509642239659, "Company": "NKE"}, {"inventory": 7726000000, "costOfRevenue": 6867000000, "Fiscal Date": "Q3 2024", "report_date": "2024-02-29", "inventory_turnover_ratio": 0.8888169816205022, "Company": "NKE"}, {"inventory": 7979000000, "costOfRevenue": 7417000000, "Fiscal Date": "Q2 2024", "report_date": "2023-11-30", "inventory_turnover_ratio": 0.9295651084095752, "Company": "NKE"}]}}]